2767 4800
71 389 138 466 Set
157 403 287 467 tandem
302 399 444 483 Lepidus
459 398 486 464 se
508 401 660 488 conjunxit
673 423 744 464 cant
760 401 909 476 Antonio,
930 402 993 488 qui
1005 401 1043 466 de
1060 407 1152 467 causd
1172 405 1236 471 [ι.

71 493 169 572 pidus
191 490 211 552 ὲ
227 489 345 552 Senatu
360 485 453 549 ltoslis
466 486 617 571 judicatus
636 487 689 562 est,
703 490 733 552 dt
747 488 847 550 caeteri
862 487 914 573 qui
935 511 1006 552 cum
1019 511 1057 553 eo
1074 489 1092 552 ai
1116 489 1236 574 Repub«

73 577 274 640 defecerunt.
323 571 389 635 lllis
415 587 515 636 tamen
539 573 676 654 redeundi
699 573 737 638 ad
754 589 884 637 mentem
903 590 971 637 ante
994 573 1067 639 Kal.
1084 577 1236 659 Septemb.

82 663 215 745 potestas
229 662 302 724 fuit.
349 657 539 721 Odlavianus
548 659 619 722 verb
633 655 746 734 Cesar,
765 673 798 722 ut
810 663 953 744 cognovit
967 661 1235 729 AntoniumiLe·

83 750 155 830 pido
166 761 332 828 receptum
346 742 415 820 elle,
436 759 524 826 atque
536 745 573 806 ab
584 745 644 826 ipso
659 743 733 808 stare
748 758 871 808 caeteros
883 747 1027 812 exercitiis
1041 748 1145 828 duces,
1158 769 1235 814 caus

87 835 149 896 bnt
166 835 358 916 optimatum
372 827 469 892 statim
488 829 634 893 deseruit:
657 845 722 894 tum
738 832 813 894 inter
828 851 899 894 eum
918 831 1130 898 &Antonium
1143 857 1235 900 oom-

91 921 203 982 mereia
221 915 417 1000 epistolatum
442 913 535 990 sudre,
554 914 804 979 &conditionum
827 917 903 980 sabla
924 922 1049 994 mentio,
1068 937 1101 983 ut
1122 923 1235 988 milites

92 1006 170 1068 inter
183 1007 209 1067 se
220 1007 374 1090 jurarent,
396 1021 465 1062 cum
477 1002 557 1064 nullo
566 1003 709 1080 enercitu,
724 1005 775 1085 qui
787 998 855 1064 Caii
866 993 991 1066 Caesaris
999 1003 1106 1084 suisset,
1121 1007 1233 1074 bellum

90 1091 121 1154 se
138 1091 289 1175 gesturos.
335 1086 578 1170 Quadringentos
593 1088 681 1171 igitur
696 1089 802 1150 milites
821 1087 951 1152 Romam
965 1090 1002 1153 ad
1017 1089 1158 1156 Senatum
1171 1096 1233 1158 mi·

90 1175 139 1253 stt,
155 1177 208 1260 qui
224 1171 425 1238 Consulatum
437 1194 490 1254 pro
501 1173 527 1236 se
541 1176 815 1258 nomineexercitds
829 1188 974 1254 peterent.¹
1006 1171 1089 1240 Ciam
1106 1176 1232 1243 Senatus

88 1261 229 1326 minitari
253 1261 413 1334 videretur,
442 1279 518 1320 unus
537 1256 695 1337 Centurio,
725 1257 883 1343 Cornelius
902 1262 1035 1338 nomine,
1055 1263 1150 1328 dicere
1169 1289 1233 1330 non

88 1347 255 1424 dubitavit,
283 1343 439 1408 ostendens
461 1343 547 1426 gladii
566 1343 718 1432 capulum,
742 1343 914 1443 Hicsaciet,
933 1341 1019 1432 vossi
1030 1345 1241 1436 nmfeceritrk‘

87 1433 208 1498 Ferunt
221 1431 390 1513 responsum
411 1427 515 1491 dedill'e
529 1427 721 1512 Ciceronem,
744 1427 779 1491 Si
798 1446 842 1492 eta
852 1430 1152 1518 petitis,(Iortsrelatunr,¹
1168 1460 1234 1500 em

85 1519 223 1604 accipiet.
267 1513 351 1578 Ctm
371 1535 403 1577 re
426 1515 537 1578 insedld
556 1516 662 1578 milites
680 1515 724 1578 illi
741 1515 873 1580 abiissent
887 1517 923 1578 ad
945 1515 1160 1598 Odlavianum,
1181 1523 1233 1588 ille

89 1607 271 1670 Antonium
291 1601 484 1683 &Lepidum
505 1601 534 1662 in
558 1599 674 1664 ltaliam
692 1601 857 1680 accersivit,
878 1603 1051 1688 &legiones
1071 1606 1107 1668 ad
1126 1608 1232 1674 urbem

92 1691 247 1756 hostiliter
259 1689 397 1752 admovit.
435 1683 546 1748 Cicero
560 1701 631 1750 tunc
646 1688 682 1750 acl
697 1686 902 1753 Oslaviamrm
916 1691 1008 1766 venit,
1023 1691 1152 1773 &pauld
1166 1693 1231 1774 post

95 1795 140 1839 ex
154 1775 224 1840 urbe
237 1775 321 1859 sugit.
367 1771 473 1836 Statim
486 1773 556 1835 verb
571 1772 756 1837 Odlavianue
773 1772 874 1839 Caesar
887 1795 965 1838 anno
979 1779 1073 1840 aetatis
1088 1777 1231 1862 vigesimo

93 1884 169 1926 cum
185 1861 232 1945 Q
243 1859 334 1924 Pedio
350 1857 462 1922 Consul
479 1857 573 1921 fastus
587 1855 639 1922 est.
671 1859 707 1924 ln
723 1857 888 1924 Consulatu
902 1861 1090 1926 Odlavianus
1103 1863 1172 1928 tulit
1185 1865 1229 1928 le·

131 1971 163 2012 m
182 1948 220 2010 de
241 1945 405 2031 quaestione
418 1945 451 2007 in
464 1965 516 2006 eos
529 1944 671 2022 habendi,
693 1967 820 2030 quorum
838 1949 925 2027 operi
939 1965 1018 2028 pater
1032 1950 1145 2014 occisus
1161 1950 1227 2015 est:

88 1969 217 2112 leutius,
231 2049 276 2108 ut,
288 2035 340 2114 qui
353 2029 394 2096 C.
407 2029 554 2093 Caesarem
563 2032 778 2107 interfecerant,
789 2035 916 2116 eisaqud
926 2031 955 2094 δι
967 2033 1028 2120 igni
1039 2035 1229 2104 interdiddum

85 2118 170 2183 ell'et.
217 2117 406 2182 Offlvianus
428 2119 531 2198 parum
549 2131 649 2201 gratus
672 2119 704 2180 in
727 2113 918 2196 Ciceronem,
937 2141 1009 2183 eum
1026 2121 1120 2184 valere
1132 2122 1226 2208 juffit.

87 2203 115 2268 F
117 2206 186 2269 aeta·
195 2225 272 2267 cum
287 2203 464 2268 Antonio&
480 2201 592 2283 Lepido
606 2223 687 2284 pace,
709 2201 741 2266 in
756 2225 848 2266 unum
860 2204 959 2267 locum
974 2206 1075 2289 copias
1085 2224 1229 2272 contrax-

86 2307 188 2370 erunt,
213 2290 244 2353 u
267 2291 434 2372 provincias
455 2289 568 2368 imperii
589 2286 720 2351 Romani
747 2303 804 2353 tres
825 2290 867 2352 illi
890 2290 965 2354 inter
986 2292 1013 2354 se
1028 2294 1124 2372 partiti
1147 2295 1227 2358 sunt.
1324 2309 1336 2326 ·

87 2374 190 2441 czar
207 2393 365 2459 utramque
381 2373 513 2439 Africam
528 2395 600 2437 cum
610 2372 751 2439 Sicilia&
762 2373 906 2454 Sardinid,
930 2374 1057 2461 Lepidus
1072 2377 1229 2463 Hispanias

85 2464 116 2527 dt
130 2463 272 2529 Galliam
287 2460 524 2538 Narbonensem,
547 2462 696 2525 Antonius
712 2460 839 2547 reliquas
862 2462 978 2527 Gallias
1002 2464 1114 2528 habuit.
1158 2466 1226 2530 Ad·

62 2551 200 2631 'utere
224 2565 259 2613 ut
275 2546 326 2630 ipsc
346 2547 491 2610 triumviri
512 2566 562 2627 per
582 2548 715 2633 quinque
737 2548 951 2627 annosellent,
970 2564 1004 2612 ut
1022 2550 1088 2613 suos
1106 2552 1230 2634 quisque

9 2707 10 2713 χ
85 2638 229 2703 inimicos
245 2634 448 2717 proscriberet.
492 2628 705 2697 Proscribendis
720 2634 841 2715 quidem
855 2634 972 2697 civibus
984 2634 1118 2717 primirm
1127 2634 1229 2703 Caesar

5 2716 10 2798 i
85 2724 215 2797 testitit;
238 2719 286 2784 sed
301 2718 372 2781 cirrn
387 2715 546 2798 incepisset,
566 2718 679 2781 duobus
694 2717 816 2803 collegis
829 2717 961 2783 acerbitls
974 2722 1053 2805 egit:
1077 2744 1148 2787 nam
1165 2720 1227 2785 Ci-

3 2801 5 2825 ”
85 2830 243 2885 cerotrem,
259 2806 312 2889 qui
325 2804 361 2865 de
374 2826 413 2865 eo
425 2803 500 2867 bene
515 2805 636 2867 meritus
646 2805 753 2882 literat,
769 2827 820 2887 per
828 2807 973 2869 summam
988 2804 1139 2889 perfidiam
1155 2810 1226 2873 An·

1 2926 2 2951 1
86 2896 163 2957 tonii
194 2893 288 2956 sutori
314 2888 454 2971 permistt.
498 2887 628 2973 Fugerat
655 2891 773 2953 interim
803 2889 914 2956 Cicero
928 2915 965 2955 ex
984 2894 1067 2969 urbe,
1089 2893 1161 2957 ciam
1181 2896 1226 2961 illi

85 2980 238 3044 triumviri
256 2975 391 3040 Romam
403 2973 556 3050 vendrunt,
578 2975 674 3057 primo
688 2978 719 3039 in
734 2976 956 3053 Tusculanum,
979 2980 1046 3041 inde
1061 2975 1227 3049 transversrs

84 3066 246 3134 itineribus
269 3062 303 3125 in
328 3060 548 3139 Formianum,
579 3064 758 3145 cognitaque
774 3065 995 3146 proscriptione,
1017 3086 1088 3127 cum
1104 3065 1229 3148 Qinto

85 3154 176 3217 fratre
190 3150 334 3221 Asturam
354 3148 386 3209 in
406 3146 588 3209 maritimum
603 3148 687 3210 suum
702 3148 825 3211 fundum
839 3149 992 3232 proficisci·
1004 3149 1112 3224 statuit,
1134 3168 1226 3233 atque

8 3291 9 3300 ,
88 3238 155 3301 irde
163 3239 196 3301 in
207 3232 422 3299 Macedoniam
433 3232 468 3294 ad
482 3230 533 3295 Μ.
550 3232 687 3311 Brutum,
703 3235 739 3297 de
751 3236 835 3320 cujus
846 3236 970 3300 vidlorid
983 3236 1127 3313 audierat,
1140 3252 1225 3301 trata·

88 3324 153 3389 stre.
197 3320 382 3387 Ferebantur
407 3316 517 3381 ledticis
539 3320 666 3381 ednsedti
688 3320 861 3384 moerore&
885 3326 959 3385 inter
973 3324 999 3385 se
1020 3321 1119 3385 casum
1139 3322 1225 3389 suum

88 3408 336 3474 lamentabantur.
383 3403 516 3487 Quintus
541 3404 637 3488 magis
653 3426 689 3467 an
711 3409 812 3469 ebatur
830 3410 932 3472 animo
949 3423 1065 3491 propter
1081 3408 1225 3491 inopiam

7 3492 8 3517 l
88 3498 161 3579 quia
174 3495 248 3559 nihil
259 3494 356 3555 secum
372 3492 463 3552 domo
477 3490 628 3555 extulerat.
672 3424 782 3556 llarco
792 3497 985 3579 perexiguum
996 3494 1135 3556 viaticum
1149 3511 1223 3561 etat.

89 3582 188 3647 Satiris
203 3582 295 3665 igitur
307 3578 473 3641 affirmabat
484 3574 628 3641 Marcum
643 3578 717 3662 suga
731 3582 911 3657 antecedere,
926 3580 953 3641 se
967 3580 1157 3643 convasatum
1166 3584 1225 3645 do-

90 3691 174 3733 murn
190 3686 348 3729 recurrere.
394 3659 556 3743 Complexi
570 3664 644 3725 inter
658 3665 696 3739 se,
718 3668 875 3750 multisque
890 3668 1028 3750 lacrymis
1040 3664 1162 3745 profusis
1175 3670 1224 3732 di·

92 3759 172 3839 greffi
187 3754 263 3817 sunt.
308 3749 444 3831 Qrintus
455 3770 516 3811 non
531 3748 570 3809 ita
584 3748 688 3813 multis
703 3752 766 3831 pdst
779 3752 880 3813 diebus
892 3752 909 3813 a
923 3752 1009 3815 servis
1022 3751 1153 3833 proditus
1164 3752 1225 3819 una

93 3860 159 3907 tum
175 3838 238 3907 filio
252 3838 269 3901 d
283 3832 496 3921 percussoribus
512 3834 680 3899 intersedlus
693 3834 746 3899 est.
792 3836 842 3901 De
857 3838 1003 3919 utriusque
1017 3856 1112 3900 morte
1122 3841 1226 3922 loqui·

94 3942 139 3991 tur
151 3925 226 4003 Dio,
249 3926 301 3990 lib.
325 3942 380 4009 47.
425 3920 553 3983 Marcus
569 3919 706 3985 Asturam
722 3920 835 3986 delatus
849 3944 954 3986 navem
970 3922 1066 3985 statim
1081 3928 1225 3989 conscen·
1332 3948 1335 3956 ·

95 4012 142 4088 dit,
161 4015 192 4078 de
210 4034 293 4079 oram
309 4010 425 4092 legens,
447 4004 601 4069 Circaeum
623 4006 713 4088 usque
731 4024 820 4070 vento
842 4010 983 4091 pervenit.
1027 4008 1100 4072 Inde
1113 4008 1225 4075 solvere

96 4098 161 4171 crim
182 4114 307 4182 pararet,
342 4094 390 4157 vel
412 4094 605 4156 marismotu
627 4110 789 4171 pennotus,
810 4098 855 4157 vel
879 4095 915 4158 de
938 4092 1062 4157 Caesaris
1080 4093 1139 4157 fide
1161 4118 1225 4161 non

95 4184 169 4267 plani
182 4180 351 4271 desperatae,
373 4180 405 4245 in
418 4194 525 4245 terram
536 4174 675 4265 regrellus
688 4178 742 4261 est,
757 4180 866 4247 habens
877 4184 909 4246 in
918 4182 1024 4245 animo
1034 4180 1225 4331 Romarm
