2767 4800
230 183 989 313 ΙΟΙζΑΊῖΙΟιίιοΜ.ΟΟΙΞΜΟ.
1127 253 1198 333 233

96 369 205 439 VIII.
229 375 334 462 Atque
346 375 458 452 scitote,
468 376 595 464 judicet,
609 395 659 438 eas
681 378 870 460 cupiditates,
889 401 959 458 quae
969 375 1152 466 objiciuntur
1181 397 1195 442 1

55 461 183 532 Coelio,
197 479 290 544 atque
301 462 366 524 haec
377 459 483 538 studia,
505 464 541 525 de
556 463 666 548 quibus
678 463 809 546 disputo,
830 487 893 526 non
905 465 992 527 sacili
1003 467 1033 525 in
1046 466 1152 526 eodem

55 547 192 610 homine
207 547 263 610 effe
281 546 357 630 posse
365 575 375 624 3
399 545 462 612 lieri
474 549 554 612 enim
567 569 629 611 non
641 549 747 632 potest,
764 567 796 612 ut
810 553 926 614 animus
938 550 1053 612 libidini
1066 550 1152 610 dedi·

60 651 120 710 tus,
136 654 258 710 amore,
272 632 425 710 desiderio,
445 635 619 716 cupiditate,
641 637 715 716 saepe
729 636 823 698 nimia
834 639 934 716 copia,
949 635 1050 716 inopia
1061 629 1160 696 etiam'
1208 624 1213 639 ⁸

60 741 292 801 nonnunquam
307 719 480 801 impeditus,
503 720 562 782 hoc
577 719 719 802 quicquid
736 717 788 795 ess,
812 723 893 805 quod
910 743 964 797 not
980 721 1105 782 facimus
1121 721 1151 781 in

61 805 209 880 dicendo,
226 828 288 868 non
303 805 393 866 modd
410 805 539 890 agendo,
554 803 658 868 renim
673 809 764 868 etiam
783 801 958 892 c'ogitando,
973 807 1056 887 possit
1069 805 1151 867 tirsli-
1179 821 1199 888 ς

65 911 144 954 nere.
184 891 237 954 An
250 891 401 952 rotasiam
414 887 594 953 causamelle
606 887 697 952 ullam
734 892 834 966 utorio,
846 914 916 954 curn
929 893 960 953 in
973 891 1063 952 tantis
1075 912 1152 971 prae·

65 978 130 1038 miis
142 975 343 1057 eloquentia,
355 981 438 1038 tanta
451 977 604 1058 voluptate
615 915 746 1052 dicendi,
759 981 842 1038 tanta
854 977 950 1050 laude,
958 980 1038 1038 tanti
1046 977 1153 1059 glorias,

67 1079 153 1124 tanto
169 1063 298 1135 honore,
323 1079 383 1124 tarn
400 1059 456 1124 sint
472 1063 570 1144 pauci,
592 1061 765 1144 semperque
779 1064 900 1138 suerint,
917 1063 971 1146 qui
988 1063 1018 1121 in
1034 1063 1091 1123 hoc
1108 1061 1153 1122 la-

66 1148 138 1208 bore
154 1149 307 1210 versentur
319 1145 329 1208 l
355 1147 545 1210 Omittendae
560 1147 627 1210 sunt
636 1168 742 1210 omnes
754 1147 935 1228 voluptates:
961 1146 1152 1228 relinquenda
1163 1167 1201 1216 ιο

68 1231 163 1294 lludia
178 1233 405 1296 deledlationis:
433 1233 533 1308 ludus,
550 1232 652 1316 jocuS,
667 1230 852 1307 convivium,
867 1223 961 1296 sermo
975 1235 1063 1294 etiam
1080 1230 1155 1313 peni
1250 1250 1254 1261 ·

70 1317 208 1380 omniurn
231 1318 422 1382 familiarium
438 1317 631 1390 deserendus:
654 1339 723 1399 quae
738 1318 827 1379 resin
844 1321 902 1380 hoc
923 1339 1031 1404 genere
1054 1319 1156 1378 homi·

73 1425 123 1466 nes
139 1404 154 1464 'a
168 1405 283 1477 labore,
310 1402 467 1486 studioque
482 1403 597 1464 dicendi
618 1403 746 1465 deterret
756 1431 766 1479 ς
790 1412 801 1438 ²
819 1426 879 1465 non
895 1426 957 1484 quo
972 1420 1023 1464 aut
1035 1403 1156 1486 ingenia

73 1487 223 1564 deficiant,
240 1508 292 1552 aut
307 1489 443 1552 doslrina
459 1487 588 1572 puerilis.
626 1493 677 1551 An
694 1489 756 1562 hic,
773 1487 792 1550 st
809 1489 863 1550 sese
880 1488 923 1550 isli
939 1487 1008 1551 vitae
1023 1486 1154 1565 dedisset,

73 1573 257 1637 consularem
276 1576 429 1637 hominem
446 1573 606 1636 admodum
630 1569 799 1636 adolescens
815 1574 845 1635 in
856 1575 1007 1658 judicium
1023 1575 1203 1662 vocavis-15

75 1659 133 1722 set?
150 1662 212 1736 hic,
225 1657 387 1722 stlaborem
397 1662 525 1742 sugeret,
538 1657 557 1720 st
569 1657 727 1722 obstridlus
738 1660 941 1738 voluptatibus
951 1677 1112 1733 teneretur,
1124 1660 1157 1724 in
1211 1696 1216 1713 .

74 1745 129 1808 hac
142 1746 204 1808 acie
219 1745 353 1826 quotidie
373 1744 556 1808 versaretur?
580 1760 732 1828 appeteret
748 1741 941 1807 inimicitias?
967 1747 996 1805 in
1008 1743 1158 1828 judicium

75 1828 214 1895 vocaret?
238 1833 347 1894 subiret
362 1831 527 1916 periculum
543 1828 670 1912 capitis?
696 1830 759 1910 ipso
771 1829 952 1910 inspedlante
967 1829 1079 1910 populo
1090 1826 1157 1890 Ro·
1208 1822 1213 1831 ’

76 1938 173 1990 mano,
200 1931 247 1980 tot
263 1918 376 1980 menses
391 1933 442 1978 aut
461 1917 497 1977 de
514 1915 618 1990 salute,
640 1931 690 1976 aut
707 1917 743 1976 de
759 1915 852 1998 glorias
864 1911 1042 1978 dimicaret?
1066 1911 1156 1976 Nihil

75 2001 162 2086 igitur
173 2001 371 2066 illavicinitas
382 2000 512 2068 redolet?
534 2001 608 2066 nihil
625 2001 782 2064 hominum
795 1999 894 2064 sama?
919 1999 992 2062 nihil
1007 1997 1088 2062 Baiae
1103 2001 1206 2069 dtr-20

75 2090 161 2170 nique
174 2087 244 2170 ipsae
263 2087 446 2168 loquuntur?
473 2085 531 2150 illae
540 2111 609 2150 vero
622 2107 683 2148 non
693 2085 975 2166 loquuntursolirm,
986 2106 1087 2146 verum
1099 2087 1157 2146 eti-

76 2195 118 2234 arn
129 2175 304 2254 personant,
319 2175 378 2236 huc
390 2173 478 2239 unius
492 2171 622 2238 mulieris
638 2171 791 2235 libidinem
807 2169 884 2234 telse
893 2172 1070 2253 prolapsam,
1080 2187 1113 2233 ut
1125 2193 1160 2234 ea

74 2281 131 2324 non
148 2260 244 2322 modo
258 2259 459 2332 solitudinem,
476 2279 510 2321 ac
526 2259 673 2332 tenebras,
685 2276 774 2340 atque
788 2257 851 2320 haec
863 2257 1045 2342 flagitiorum
1061 2287 1065 2292 ·
1080 2258 1158 2328 iute-

75 2360 216 2429 gnmenta
227 2365 290 2429 non
300 2359 425 2425 quaerat,
444 2345 489 2407 sed
501 2345 532 2407 in
544 2343 712 2427 turpissimis
728 2344 814 2407 rebus
831 2343 1063 2427 frequentissimi
1078 2343 1158 2405 cele-

75 2434 178 2493 britate
187 2430 218 2491 ἃ
228 2430 383 2492 clarissimi
393 2428 460 2491 luce
470 2430 597 2507 laetetut.
633 2426 776 2491 Verirmsi
789 2432 856 2512 quis
865 2428 918 2503 est,
930 2431 980 2510 qui
992 2428 1082 2489 etiam
1094 2449 1205 2516 τηε-’25

76 2516 198 2579 retriciis
223 2517 375 2589 amoribus
399 2516 591 2578 interdidlum
611 2516 762 2599 juventuti
787 2530 883 2595 putet,
905 2512 946 2575 est
968 2510 1016 2577 ille
1038 2513 1159 2595 quidem

75 2602 156 2665 valde
167 2602 305 2674 severus·,
321 2622 429 2683 negare
443 2622 503 2663 non
519 2598 648 2683 possum,
665 2600 710 2661 sed
723 2600 861 2662 abhorret
872 2621 934 2661 non
948 2599 1038 2660 modi>
1050 2599 1086 2659 ab
1099 2602 1159 2660 hu-

72 2688 119 2777 jus
138 2686 232 2749 seculi
249 2686 384 2759 lieentia,
410 2683 514 2749 verimi
531 2686 619 2747 etiarn
635 2684 652 2745 ὲ
668 2688 812 2770 majorum
828 2683 1055 2760 consuetudine,
1070 2698 1161 2765 atque

76 2774 260 2845 ‘concertio
283 2772 493 2852 quandoenim
507 2772 565 2833 hoc
579 2792 640 2831 non
650 2770 761 2835 sadlum
773 2766 836 2832 est?
859 2770 981 2851 quando
996 2770 1158 2850 reprehen-

78 2859 160 2923 sum?
185 2858 309 2939 quando
323 2879 383 2919 non
397 2854 563 2935 permissum
579 2854 589 2917 l
613 2856 735 2936 quando
746 2856 874 2936 denique
887 2856 956 2924 fuit,
970 2872 1015 2929 ut,
1028 2854 1109 2938 quod
1122 2855 1157 2915 li·
1165 2876 1206 2949 3⁰

78 2962 133 3023 tet,
143 2966 206 3013 non
219 2934 339 3007 licetel?
358 2940 419 3005 llic
430 2942 556 3033 egojam
568 2963 630 3005 tem
639 2938 795 3013 deliniam:
811 2941 967 3003 mulierem
978 2941 1092 3003 nullam
1102 2962 1161 3003 no·

107 3122 261 3199 θεωρία.
341 3114 497 3197 *devenffl
577 3114 779 3175 ‘occatoriam
857 3116 944 3201 ‘quae
957 3114 1128 3173 conceduntur.

112 3352 134 3386 t.
162 3336 212 3383 Eat
238 3328 385 3395 optaram]
426 3330 556 3391 Voluptates
582 3332 605 3374 dr
632 3326 739 3375 cusatoree
756 3323 878 3387 potentium
898 3322 1035 3379 inimioitiar,
1049 3319 1102 3369 etlm
1122 3336 1160 3369 eoa

82 3403 175 3453 hhirlines
197 3414 241 3445 non
264 3398 351 3457 possunt
371 3395 414 3451 etse
436 3410 490 3447 curn
509 3396 535 3441 iia
558 3394 604 3451 slu-
633 3390 775 3453 injuncium
786 3392 898 3440 vocabant.
1070 3386 1076 3406 ¹

83 3470 128 3525 diis,
144 3480 195 3531 quae
212 3465 239 3509 ad
251 3462 399 3509 Rhetoricutn
419 3459 604 3521 &eloquentiam
669 3456 706 3503 18.
725 3454 808 3501 Sudiret
821 3454 936 3517 periculum
953 3447 1051 3515 rapido]
1080 3449 1175 3526 Suhirq.

83 3534 196 3595 pertinent·
633 3522 708 3582 capitit
733 3519 855 3580 perieulum
875 3519 956 3567 dieitur
975 3514 1093 3571 aecusator,
1122 3530 1160 3575 qut

114 3612 151 3657 ¹4·
168 3592 273 3641 uenit„
280 3586 391 3655 putrido]
419 3588 463 3635 Per
480 3586 603 3635 dosltinam
632 3584 748 3641 calumniae
759 3583 880 3645 perieulum
891 3582 963 3642 subitq
980 3596 1032 3627 nam
1041 3580 1161 3630 calumnia

85 3663 182 3720 puerilem
192 3666 231 3703 aut
240 3656 295 3716 ipsas
303 3652 429 3701 Rhetoricae
441 3653 603 3715 praeceptiones,
633 3654 746 3697 damnatos
756 3646 852 3706 sequitur
862 3644 962 3693 infamia.

86 3726 115 3773 rel
134 3725 200 3785 ipsam
219 3720 397 3773 Grammatieam
419 3717 529 3777 intelligit,
550 3730 604 3777 quae
666 3714 700 3761 lb.
713 3711 760 3778 Ipso
768 3716 889 3775 capannore
895 3710 968 3775 populo
980 3704 1056 3773 ΒΜ]
1072 3706 1100 3756 In
1112 3705 1161 3753 foro

85 3790 162 3836 neeesse
177 3789 207 3832 cll
227 3786 239 3828 ai
258 3781 492 3845 pueritia-comparari,
509 3790 535 3833 ut
556 3782 605 3843 quir
633 3778 753 3827 habebatur
771 3775 941 3834 hocjudicium,
959 3776 994 3821 ubi
1006 3775 1108 3834 frequens
1119 3773 1159 3829 ad·
1176 3814 1179 3826 ,

86 3853 157 3903 Orator
167 3852 252 3906 evolat·
633 3845 675 3891 esl'e
688 3840 778 3902 populus
789 3838 877 3885 sot-bit.

118 3906 416 3980 tq.Cca)sdrrmbomimm.]
429 3912 458 3959 C.
469 3907 605 3967 Antonium,
670 3922 707 3969 19.
727 3903 794 3951 Nihil
808 3904 874 3965 igitar
892 3901 928 3949 issa
941 3904 1039 3949 vicinitas
1057 3898 1157 3967 adalta]

88 3983 121 4043 qui
140 3978 250 4027 Ciceronis
269 3978 293 4023 in
311 3977 430 4023 Consulatu
449 3976 533 4035 collega
552 3972 605 4031 suit,
628 3972 712 4026 idest,
724 3968 767 4015 noh
779 3968 844 4013 debet
854 3970 930 4015 venire
940 3968 963 4014 in
975 3966 1119 4039 suspicionem
1130 3965 1160 4009 li-

89 4046 162 4097 colus
173 4043 258 4091 vocavit
268 4040 292 4087 in
300 4040 418 4102 judicium.
634 4034 714 4083 bidlnlt
730 4034 823 4091 Cresius,
840 4034 877 4095 qui
888 4034 976 4081 vicinus
986 4030 1069 4087 Clodia
1080 4044 1105 4076 tu
1116 4030 1160 4077 Ρι-

121 4124 154 4167 17.
167 4109 191 4155 ln
202 4108 242 4155 bae
252 4102 320 4167 acio]
337 4104 362 4151 ld
374 4108 413 4161 esl,
421 4102 510 4163 judiciis
522 4106 543 4148 dr
552 4116 606 4149 cau·
634 4100 688 4151 latio
699 4098 838 4145 habitaverit.

92 4172 257 4233 &sirensibusj
275 4167 383 4216 translatio
390 4168 403 4214 it
411 4168 572 4229 gladiatoribus.
668 4178 709 4212 ιο.
722 4162 788 4207 Nihil
796 4158 1052 4229 Baiae21Narigrrtonee
1062 4158 1087 4207 lu
1095 4156 1163 4206 hortla

118 4236 151 4303 lh.
166 4238 281 4319 Appcmt
291 4232 430 4311 interulae]
453 4232 559 4281 Subibant
569 4246 606 4279 at·
624 4244 689 4294 'eum
700 4225 787 4273 Clodii.

715 4287 747 4365 R
766 4308 791 4383 4
1022 4284 1168 4375 mirabor
