2767 4800
298 127 927 275 ·s.snnncruan
1151 205 1221 282 p,

74 313 156 380 clam
169 315 316 382 senestuti
325 322 465 404 gratiam,
480 345 551 407 quae
561 325 703 402 efficeret,
727 337 761 387 ut
774 325 803 387 id
813 346 876 388 non
886 325 1003 399 liberet,
1018 321 1099 406 quod
1113 343 1177 385 non

73 419 261 486 oporteret:
286 405 411 488 impedit
424 409 506 472 enim
521 407 679 473 consilium
694 409 846 492 voluptas,
861 410 969 474 rationi
987 411 1110 472 inimica
1121 407 1175 485 est,

76 509 120 550 ac
135 489 263 565 mentis,
285 505 322 553 ut
340 492 452 569 dicam,
474 493 654 580 praestringit
668 494 786 570 oculos,
809 517 866 558 nec
886 497 976 559 habet
990 493 1086 557 ullum
1103 517 1172 558 cum
1182 511 1222 580 35

74 573 199 638 virtute
220 579 448 641 commercium.
500 580 617 643 lnvitus
640 581 763 664 quidem
791 581 861 655 feci,
898 598 931 645 ut
950 581 1098 656 fortissimi¹
1118 580 1174 642 viri

75 657 133 723 T.
154 659 322 725 Flaminini
337 664 443 728 statem
464 663 502 728 L.
519 664 727 729 Flamininum
743 665 760 728 ὲ
776 663 884 730 Senatu
910 668 1047 750 ejicerem
1063 665 1175 747 septem

75 765 185 809 annos
196 745 272 830 poll,
284 769 376 832 quam
388 747 502 812 Consul
517 753 633 814 suisset:
658 751 705 815 sed
719 751 880 814 notandam
893 751 993 835 putavi
1006 751 1173 817 libidinem.

75 828 141 894 llle
156 837 241 896 enim
263 834 334 896 edm
357 833 427 898 ellet
441 835 558 899 Consul
584 837 617 900 in
638 835 757 912 Gallia,
778 843 918 900 exor'arus
941 839 971 900 in
995 837 1137 900 convivio
1157 835 1177 900 d
1262 893 1264 900 .

76 915 187 980 scorto
207 917 261 997 ell,
284 936 318 982 ut
332 921 426 984 securi
440 923 540 985 serires
555 923 685 1006 aliquem
702 941 821 998 eorum,
843 922 897 1004 qui
914 924 944 986 in
960 923 1067 985 vinclis
1082 921 1222 1006 essent40

74 1002 222 1066 damnati
235 1007 276 1070 rei
290 1006 444 1088 capitalis:
468 1007 518 1070 hic
529 1007 608 1070 Tito
623 1011 712 1072 fratre
724 1009 776 1070 suo
790 1007 934 1084 Censore,
956 1009 1008 1088 qui
1021 1008 1175 1088 proximus

76 1105 159 1152 ante
172 1111 222 1152 me
233 1092 340 1167 suerat,
362 1092 476 1175 elapsus
487 1089 549 1154 est:
573 1095 648 1156 mihi
661 1093 732 1156 verb
747 1093 776 1154 δι
792 1091 904 1155 Flacco
917 1095 1089 1176 neutiquam
1102 1113 1174 1174 pro-

76 1175 264 1258 barippotuit
278 1192 339 1240 tam
354 1176 542 1262 flagitiosa&
558 1194 618 1242 tam
632 1180 746 1262 perdita
764 1179 872 1258 libido,
893 1201 964 1264 quae
979 1199 1050 1241 cum
1064 1179 1177 1262 probro

77 1261 205 1342 privato
218 1263 417 1348 conjungeret
430 1265 545 1345 imperii
560 1263 702 1328 dedecus.
1104 1277 1106 1282 '

128 1343 225 1410 Xlll.
250 1347 335 1430 Saepe
355 1349 456 1412 audiui
477 1349 673 1436 amajoribus
688 1365 774 1426 natu,
796 1351 848 1430 qui
875 1349 903 1412 se
924 1349 1014 1432 porrd
1029 1370 1135 1432 pueros
1158 1345 1175 1412 i
1204 1371 1218 1416 1

79 1433 208 1498 senibus
216 1431 334 1498 audiisse
345 1435 497 1510 dicebant,
513 1437 612 1498 mirari
625 1437 741 1500 solitum
755 1435 793 1497 C.
808 1433 993 1511 Fabricium,
1010 1437 1090 1521 qubd
1104 1432 1176 1498 ciam

81 1519 167 1603 apud
193 1540 293 1604 regem
310 1519 458 1602 Pyrrhum
473 1521 591 1605 legatus
605 1520 687 1597 esset,
711 1519 831 1583 audisset
853 1519 1030 1584 &Thessalo
1053 1520 1175 1608 Cyneai,

80 1603 144 1668 elli:
167 1607 316 1687 quendam
335 1607 476 1682 Athenis,
499 1609 551 1690 qui
575 1609 604 1671 se
625 1607 788 1689 sapientem
815 1603 1023 1688 profiteretur:
1047 1627 1177 1692 eumque

81 1692 200 1766 dicere,
214 1695 318 1754 omnia
329 1713 399 1776 quae
410 1693 576 1756 faceremus
591 1693 627 1755 ad
639 1692 822 1778 voluptatem
833 1691 888 1755 else
897 1691 1046 1754 reserenda
1061 1715 1068 1754 :
1091 1691 1188 1780 quod¹
1202 1707 1223 1777 ς

82 1787 124 1839 ex
135 1798 176 1839 eo
190 1778 358 1852 audientes,
381 1774 431 1840 Μ.
444 1775 575 1842 Curium
590 1777 619 1841 dt
632 1777 678 1840 T.
696 1777 925 1840 Coruncanium
941 1795 1044 1856 optare
1060 1777 1173 1857 solitos,

82 1863 157 1926 utid
166 1863 196 1924 id
205 1861 522 1947 Samnitibus,ips1que
529 1863 643 1950 Pyrrho
653 1863 889 1944 persuaderetur:
905 1863 969 1946 quis
978 1863 1095 1925 facilius
1107 1864 1177 1926 vin·

80 1948 113 2010 ci
137 1945 265 2030 possent,
287 1946 358 2012 etim
384 1948 413 2011 se
428 1951 628 2032 voluptatibus
642 1947 793 2011 dedillent.
841 1946 969 2012 Vixerat
992 1945 1043 2011 M.
1060 1946 1175 2012 Curius

80 2055 158 2097 eum
172 2031 208 2098 P.
225 2033 337 2110 Decio,
353 2036 406 2118 qui
422 2037 635 2118 quinquennio
646 2051 716 2108 ante
731 2055 800 2096 eum
817 2031 982 2096 Consulem
999 2035 1097 2117 se'pro
1111 2056 1173 2116 rep.
1295 2067 1303 2088 ·

80 2133 198 2202 quarto
210 2117 377 2184 Consulatu
405 2121 572 2185 devoverat.
617 2119 719 2184 Norat
746 2122 876 2182 eundem
898 2117 1066 2195 Fabricius,
1087 2135 1225 2185 noratto

83 2204 329 2281 Coruncanius,
351 2207 406 2289 qui
422 2229 493 2268 cum
508 2228 545 2269 ex
557 2207 688 2281 suavitas,
710 2222 776 2270 tum
792 2208 915 2291 exejus,
938 2227 1029 2288 quem
1042 2207 1123 2284 dico,
1139 2203 1174 2270 Ρ.

82 2289 181 2358 Decii
192 2291 285 2370 sadis,
301 2293 480 2379 judicabant
494 2290 551 2354 esse
584 2291 697 2354 rofettb
713 2293 823 2374 aliquid
832 2293 940 2355 naturd
955 2291 1112 2374 pulchrum
1128 2307 1177 2356 at-

82 2401 148 2463 que
176 2378 367 2463 praeclarum,
388 2378 470 2459 quod
493 2377 544 2443 sual
564 2315 669 2463 lponte
683 2393 851 2461 peteretur:
875 2379 1016 2459 quodque
1031 2377 1125 2459 spretas
1145 2375 1177 2442 δι

82 2466 266 2547 contempti
277 2464 441 2547 voluptate,
450 2464 580 2545 optimus
590 2466 714 2547 quisque
727 2465 908 2545 sequeretur.
919 2461 1072 2544 Quorsum
1085 2464 1177 2549 igitur

83 2566 152 2614 tam
166 2550 261 2613 multa
274 2549 312 2613 de
326 2548 501 2631 voluptate?
524 2550 592 2630 quia
616 2570 679 2610 non
701 2546 792 2611 modo
806 2550 984 2629 vituperatio
1010 2548 1104 2625 nulla,
1127 2551 1222 2636 sedis

82 2638 178 2699 etiam
194 2636 308 2699 summa
322 2634 387 2697 laus
401 2634 560 2697 senestuti:
574 2632 628 2711 esi,
650 2634 729 2715 quod
743 2654 778 2696 ea
792 2634 959 2714 voluptates
975 2633 1071 2697 nullas
1087 2656 1174 2719 mag·

79 2725 201 2807 'mopere
213 2720 374 2785 desiderat:
398 2736 480 2783 caret
493 2718 600 2801 epulis,
619 2718 817 2802 extrudlisque
833 2716 952 2794 mensis,
967 2716 996 2783 δι
1011 2720 1176 2801 frequenti·

84 2810 144 2872 bus
158 2804 297 2891 poculis?
313 2821 402 2868 ‘caret
411 2828 484 2891 ergo
493 2806 586 2869 etiam
598 2803 776 2881 vinolentis,
798 2802 828 2867 dl
841 2806 999 2881 cruditate,
1021 2806 1175 2876 &insom-

85 2895 156 2957 niis.
202 2890 259 2954 Sed
271 2888 292 2953 si
306 2886 416 2973 aliquid
431 2891 564 2954 dandum
578 2888 622 2953 est
636 2888 793 2978 upluptati,
816 2891 963 2974 quoniam
977 2891 1040 2977 ejus
1056 2892 1175 2957 blandi-

86 2980 139 3043 tiis
154 2999 217 3042 non
232 2975 319 3040 facite
334 2975 512 3054 obsistimus,
533 2974 634 3047 divine
649 2976 731 3039 enim
746 2973 834 3039 Plato
848 2976 943 3039 escam
959 2975 1106 3041 malorum
1119 2993 1223 3043 sto-20

84 3065 235 3149 luptatem
249 3062 392 3147 appellat,
413 3062 495 3146 quod
517 3062 554 3124 ed
567 3060 706 3130 videlieet
728 3060 865 3125 homines
880 3062 1047 3143 capiantur,
1070 3080 1104 3127 ut
1117 3064 1174 3127 lsa-

87 3172 142 3215 mo
156 3152 271 3233 pisces;
296 3170 471 3231 quanquam
496 3133 700 3211 immoderatis
714 3146 807 3229 epulis
822 3160 921 3211 careat
936 3146 1081 3224 senedlus,
1103 3160 1174 3215 mo·

83 3237 163 3303 dicis
174 3250 275 3299 tamen
286 3235 435 3298 conviviis
445 3232 584 3297 deleslari
597 3229 700 3314 potest.
712 3230 922 3308 C.Duillium,
934 3230 984 3294 M.
998 3230 1104 3311 silium,
1120 3237 1174 3319 qui

86 3322 201 3389 Poenos
213 3319 298 3383 classe
309 3321 424 3402 primus
433 3318 597 3395 devicerat,
609 3316 786 3381 redeuntem
799 3316 818 3380 i
831 3320 922 3382 csend
936 3318 1034 3381 senem
1046 3319 1174 3402 sepivi-

87 3410 197 3473 ‹lebam
207 3425 298 3488 puer:
314 3404 516 3467 deledlabatur
527 3405 634 3467 crebro
648 3402 756 3478 funali,
772 3401 949 3481 &tibicine,
959 3424 1027 3486 quae
1037 3402 1090 3467 sibi
1100 3406 1220 3491 nul-25

85 3497 122 3560 lo
140 3491 280 3574 exemplo
294 3490 424 3575 privatus
448 3490 626 3575 sumpserat:
648 3504 767 3553 tantum
793 3489 924 3553 licentiae
952 3490 1042 3552 dabat
1068 3491 1173 3575 gloria.

89 3579 149 3646 sed
162 3576 232 3660 quid
248 3598 307 3663 ego
320 3574 419 3640 alios?
443 3575 478 3638 ad
504 3574 649 3659 meipsum
659 3576 876 3661 jamreuertar.
920 3573 1056 3639 Primtlm
1081 3578 1174 3643 habui

87 3670 201 3749 semper
214 3662 345 3725 sodales:
368 3660 534 3728 sodalitates
545 3674 646 3724 autem
663 3681 711 3723 me
725 3659 886 3743 Qraestore
904 3658 1076 3724 constitutae
1092 3663 1173 3741 sunt,

88 3750 176 3819 sacris
191 3744 282 3811 Idaeis
296 3746 425 3834 Magna·
439 3744 550 3810 Matris
566 3746 714 3827 acceptis:
739 3746 880 3829 epulabar
895 3745 987 3830 igitur
1001 3767 1070 3811 curn
1087 3748 1173 3811 soda-

88 3838 167 3902 libus
185 3834 315 3897 omnino
329 3830 460 3909 modice,
483 3831 530 3895 sed
551 3846 616 3895 erat
630 3830 754 3914 quidem
765 3831 870 3895 servor
883 3834 1000 3894 aetatis:
1024 3838 1085 3916 quai
1100 3854 1167 3916 pro·
1177 3850 1221 3922 30

90 3920 258 4010 grediente,
283 3918 389 3983 omnia
415 3916 491 3982 fient
514 3916 610 3994 indies
632 3916 773 3993 mitiora:
809 3917 1016 4001 nequeenim
1041 3913 1174 4001 ipsorum

91 4006 300 4073 conviviorum
326 4003 556 4081 deleslationem
572 4001 777 4086 voluptatibus
801 4002 933 4085 corporis
958 4006 1062 4089 magis,
1084 4005 1175 4087 quim

91 4091 370 4168 coetuamicorum,
392 4088 423 4155 dr
446 4088 633 4155 sermonibus
658 4088 823 4152 metiebar:
846 4086 924 4151 bene
938 4090 1019 4153 enim
1044 4092 1175 4178 majores

92 4180 182 4251 nostri
197 4179 420 4246 accubitionem
432 4179 585 4263 epularem
598 4176 781 4325 qqiicorum,
802 4174 874 4258 quia
896 4176 964 4239 vitae
978 4176 1174 4263 conjunctio-

653 4277 685 4325 m
707 4274 730 4348 3
1105 4280 1178 4329 nem
