2767 4800
115 283 185 347 ,m
210 256 267 332 nr.
295 197 978 335 Aarommmmmcr
1002 255 1050 332 n.
1100 256 1169 348 461
1240 303 1243 313 .

32 404 199 493 intelligis,
221 406 261 482 ei,
282 405 336 491 qui
358 402 412 477 isto
437 403 529 467 modo
547 402 662 489 judicia
684 424 748 467 non
774 403 890 481 timeat,
911 405 985 487 quid
1014 406 1126 468 timen-

30 492 108 553 dum
127 492 189 554 srti
214 489 307 573 Qud
332 488 353 553 ss
378 510 441 553 non
465 490 573 552 metuis
588 490 666 557 viros
691 491 794 567 sortes,
814 490 1008 574 egregiosque
1035 491 1185 572 cives,4o.

31 576 118 656 quod
150 576 170 638 ai
198 598 324 659 corpore
346 592 401 638 tuo
445 576 620 637 cohibentur
643 576 753 649 armis,
790 574 836 637 tui
864 590 907 651 te,
929 576 1004 639 mihi
1026 575 1127 649 crede,

30 660 154 723 diutiris
177 683 240 725 non
255 664 363 725 ferent.
443 680 489 720 uae
509 658 551 723 est
566 674 666 721 autem
681 660 753 735 vita,
775 661 838 722 dies
858 658 888 719 δι
902 655 1007 724 nosses
1020 661 1128 724 timere

30 745 48 807 ai
75 746 166 809 suis?
189 742 244 811 nist
272 746 343 809 verb
366 745 527 843 majoribus
550 744 641 807 babes
670 742 823 807 beneficiis
850 745 1013 831 obligatos,
1033 746 1128 826 quam

32 832 84 895 ille
104 833 254 915 quosdam
269 832 374 895 habuit
389 852 490 909 exus,
513 830 530 893 i
545 829 656 914 quibus
671 828 714 893 est
728 828 914 895 interfectus.
959 833 1012 894 An
1036 848 1070 895 tu
1092 852 1126 893 es

31 916 97 981 allai
119 938 157 981 re
182 923 255 981 crim
283 938 321 981 eo
347 914 590 999 comparandus?
614 916 673 979 suit
699 918 733 979 iu
760 908 816 997 Dio
842 917 1012 999 ingenium,
1035 917 1174 1007 ratio,45

32 1004 199 1079 memoria,
228 1004 336 1080 literae,
368 1022 453 1077 cura,
475 1000 630 1087 cogitatio,
667 1000 841 1086 diligentia:
876 1023 924 1065 res
953 1002 1033 1066 bello
1057 1004 1125 1085 ges-

33 1089 125 1161 serat,
151 1087 290 1172 quamvis
314 1086 485 1169 reipublicae
501 1086 698 1163 calamitosas,
721 1104 854 1149 attamen
875 1109 1020 1173 magnus:
1044 1087 1128 1150 mul-

34 1186 81 1237 tos
108 1196 211 1238 annos
232 1193 356 1259 regnare
386 1172 558 1249 meditatus,
588 1194 702 1257 magno
724 1172 839 1249 labore,
861 1175 979 1259 magnis
1006 1174 1127 1255 pericu-

35 1257 84 1336 lis,
124 1262 210 1342 quod
246 1260 405 1343 cogitaret,
442 1255 602 1321 effecerat:
639 1257 829 1335 muneribus,
852 1256 878 1302 »ὓ
907 1259 1126 1335 monumentis,

34 1345 217 1431 congiariis,
252 1345 361 1426 epulis,
398 1342 622 1407 multitudinem
647 1343 1027 1425 imperitamdelenierat:
1059 1345 1125 1407 suos
1133 1366 1175 1435 5⁰

37 1431 183 1511 praemiis,
205 1428 383 1494 adversarios
412 1438 423 1466 ⁰
451 1428 621 1501 elementiae
659 1429 756 1512 specie
787 1428 972 1493 devinxerat.
1040 1428 1127 1513 Qsid

37 1515 136 1579 multa
149 1514 172 1578 i*
187 1516 326 1581 attulerat
346 1516 412 1599 jam
433 1515 533 1578 liberae
549 1516 675 1589 civitati,
698 1516 803 1596 partim
823 1530 919 1592 metu,
941 1518 1049 1599 partim
1074 1536 1129 1597 pa-

38 1601 158 1679 tientia,
182 1602 432 1666 consuetudinem
453 1601 606 1665 serviendi.
653 1599 737 1663 Cum
762 1599 818 1661 illo
836 1621 894 1686 ego
908 1617 937 1665 te
950 1600 1129 1665 dominandi

37 1688 203 1770 cupiditate
217 1688 352 1751 conferre
374 1686 507 1771 pullum:
531 1686 646 1750 eaeteris
668 1685 740 1748 verb
763 1686 852 1748 rebus
877 1685 964 1749 nullo
986 1690 1078 1750 modo
1095 1708 1127 1751 es

40 1774 272 1856 comparandus.
318 1771 376 1836 Sed
397 1794 436 1837 ex
459 1772 594 1855 plurimis
610 1770 709 1849 malis,
731 1790 801 1854 quae
816 1772 854 1834 ab
879 1770 932 1834 illo
953 1773 1126 1855 reipublicae
1133 1794 1174 1863 55

41 1856 146 1922 dsunt
173 1858 280 1934 inulla,
303 1860 361 1923 hoc
387 1874 488 1921 tamen
511 1858 582 1920 boni
600 1858 653 1934 est,
675 1858 757 1941 qubd
780 1857 886 1921 didicit
906 1859 969 1942 jam
999 1858 1150 1941 populus=

41 1938 214 2021 Romanus,
236 1960 384 2025 quantum
409 1944 520 2025 cuique
536 1946 679 2022 crederet,
702 1945 811 2025 quibus
825 1939 860 2005 'se
874 1944 1089 2019 committeret,
1110 1945 1145 2025 ἲ,

41 2032 152 2109 quibus
175 2042 303 2093 caveret.
348 2028 427 2091 Haec
450 2030 542 2115 igitur
562 2051 625 2092 non
640 2026 779 2113 cogitas?
804 2049 860 2091 nec
885 2029 979 2092 intelli
1004 2029 1039 2104 is,
1062 2028 1130 2093 satis

41 2112 95 2177 esse
109 2116 184 2179 viris
194 2112 474 2191 sortibus'didicilse,
496 2136 586 2198 quam
602 2114 637 2179 fit
661 2136 692 2177 re
708 2112 881 2196 pulchrum,
896 2052 1046 2177 beneffcio
1058 2136 1129 2197 gra-

42 2212 118 2278 tum,
142 2202 225 2264 sama
249 2200 423 2286 gloriosum,
444 2217 607 2285 tyrannum
624 2199 784 2265 occidere?
808 2220 858 2275 an,
880 2198 952 2263 crim
967 2199 1052 2262 illum
1068 2201 1176 2271 bo-60

42 2286 139 2350 mines
155 2308 219 2351 non
239 2284 375 2363 tulerint,
398 2302 429 2348 te
440 2284 557 2350 serenti
581 2285 718 2349 certatim
732 2280 865 2367 postbac',
888 2286 961 2348 mihi
977 2286 1076 2362 crede,
1090 2288 1128 2349 ad

42 2370 99 2438 boc
111 2392 189 2457 opus
199 2388 347 2447 curretur,
369 2392 426 2434 nec
440 2370 600 2435 occasionis
615 2370 737 2434 tarditas
752 2370 965 2454 expeslabitur.
989 2370 1128 2455 Respice,
1222 2430 1225 2435 .

44 2461 156 2540 quaeso,
179 2457 342 2542 aliquando
360 2459 590 2539 rempublicam,
613 2455 664 2520 M.
683 2457 823 2520 Antoni:
849 2457 959 2540 quibus
973 2473 1056 2519 ortus
1078 2457 1128 2534 ssa,
1226 2477 1231 2489 ·

43 2565 104 2610 non
115 2545 297 2632 quibuscum
309 2544 401 2621 vivas,
415 2542 583 2606 co'nsrdera:
608 2562 743 2620 mecum,
763 2556 797 2604 ut
809 2542 909 2618 voles,
933 2563 1004 2604 cum
1016 2543 1127 2624 repub-

44 2628 179 2695 uctredi
194 2630 372 2714 ingratiam.
419 2627 476 2689 Sed
490 2627 528 2689 de
544 2641 575 2690 te
589 2642 622 2690 tu
644 2627 704 2708 ipse
725 2627 853 2691 videris:
877 2648 936 2711 ego
949 2627 986 2688 de
1001 2647 1050 2687 me
1063 2626 1175 2714 ips065

43 2716 227 2798 profitebor,
250 2715 368 2778 defendi
383 2712 599 2796 rempublicam
610 2712 791 2787 adolescens,
806 2735 868 2776 non
879 2713 1010 2775 deseram
1020 2713 1126 2774 senex:

44 2800 209 2883 contempsi
224 2798 366 2863 Catilinae
387 2800 512 2884 gladios,
535 2821 597 2865 non
620 2799 824 2881 pertimescam
850 2814 939 2872 tuos3
962 2797 1129 2878 quinetiam

45 2906 152 2976 corpus
168 2887 295 2952 libenter
307 2886 479 2960 obtulerim,
494 2880 747 2967 fi‘repraesentari
763 2898 859 2946 morte
873 2887 941 2946 meai
955 2884 1073 2947 libertas
1082 2885 1129 2947 ci·

44 2973 141 3040 vitatis
153 2971 267 3058 potest,
285 2988 318 3034 ut
330 2971 584 3054 aliquandodolor
595 2972 696 3055 populi
708 2967 839 3033 Romani
850 2969 945 3051 pariat
955 2971 1127 3056 quodjam-

46 3057 93 3133 dib
107 3061 248 3146 parturit.
292 3055 415 3122 Etenim
443 3055 465 3118 sr
490 3057 600 3120 abhinc
625 3077 721 3120 annos
737 3077 828 3139 prope
852 3056 958 3142 viginti
980 3057 1039 3119 boc
1064 3055 1176 3146 ipsoyo

132 3285 291 3362 ”adfinia
370 3279 612 3356 ‘clenentiafisim
690 3277 846 3338 *illatas
890 3283 1029 3358 ‘restitui

75 3625 116 3673 41.
134 3605 241 3672 Trita]
259 3607 310 3665 Ait,
334 3607 401 3670 quod,
426 3607 570 3666 quemadmo·
604 3603 722 3666 fignificat,
738 3605 794 3664 quod
803 3603 829 3648 ab
840 3600 1074 3661 imperatoredabatur.

47 3670 97 3723 dum
116 3677 145 3724 ab
156 3673 281 3721 bominibus
297 3673 373 3720 amicis
392 3677 414 3718 δι
430 3671 571 3718 ϊιιηίίὶειτίδιιε
594 3692 604 3710 ι
636 3671 676 3732 ⁶3·
696 3668 783 3734 Qibur
797 3665 912 3731 orruiſse]
931 3659 1017 3712 Habuit
1030 3666 1052 3711 in
1063 3663 1129 3712 frmi-

48 3741 127 3788 occisus
148 3739 180 3788 est
198 3738 279 3796 Cesar,
296 3739 327 3786 ita
345 3736 412 3786 esuis
423 3737 572 3784 stanuum
603 3733 632 3780 lia
659 3735 697 3780 M.
719 3732 831 3778 Antonius
853 3731 915 3776 inum
941 3729 979 3778 M.
1004 3731 1130 3777 Antonium

49 3807 186 3852 occidendus.
604 3807 710 3845 oratorem
742 3795 917 3852 celeberrimum,
950 3795 987 3855 qui
1020 3795 1129 3842 Consula-

78 3884 118 3931 44.
139 3866 242 3937 Quosdam
256 3865 353 3932 baluin]
382 3864 456 3914 Cesar
476 3863 573 3927 pluribus
605 3872 656 3910 tum
676 3861 741 3920 geflit
758 3876 815 3908 anno
839 3859 899 3906 urbis
922 3859 977 3921 654.
1004 3863 1026 3905 de
1049 3859 1131 3908 Caium

50 3932 160 3982 benefieiis
180 3935 259 3980 multos
276 3949 304 3979 ex
329 3931 372 3980 suis
397 3929 574 3979 intersediuribus
605 3927 744 3983 Antonium,
769 3927 806 3989 qui
838 3939 891 3971 eum
912 3925 1018 3971 Creemne
1049 3925 1131 3973 Coustd

49 4000 160 4055 affecerat,
185 3997 292 4060 proripui
317 3996 440 4045 Decimum
467 3997 573 4052 Brutum,
605 3991 658 4039 suit.

49 4079 111 4124 quern
130 4065 154 4111 in
165 4063 265 4120 secundis
276 4061 397 4108 heredibus
409 4062 569 4108 nominaverat.
636 4059 676 4118 ⁶9.
704 4056 793 4114 Parias,
819 4053 874 4119 quad
899 4051 985 4115 jamdiu
1005 4053 1125 4123 panaria]

49 4129 136 4178 Marcus
158 4143 213 4175 vero
237 4127 318 4174 Brutus
336 4127 396 4176 silius
414 4125 462 4187 ejus
478 4125 571 4173 creditus
603 4120 682 4169 Parere
708 4123 787 4168 dicitur
806 4122 844 4181 qui
862 4117 942 4166 fotum
970 4119 995 4166 in
1010 4121 1084 4167 lucem
1106 4139 1131 4167 e.

50 4192 126 4242 suerat.
357 4185 359 4193 '
603 4187 651 4246 dit,
675 4187 780 4250 parturire
801 4198 861 4243 vero,
888 4185 926 4248 qui
950 4199 1024 4248 petere
1047 4185 1132 4232 defide-

79 4274 118 4329 5o.
145 4253 285 4324 congiariis-J
304 4253 463 4384 6Congiarium
489 4266 572 4305 munuc
603 4263 644 4301 rat.
1106 4315 1115 4328 ⁶
