2767 4800
35 421 45 578 r

132 37 146 101 τ’

126 311 130 321 .
180 227 361 408 731le
414 263 772 362 ‘rus'tut'utt
811 255 1175 363 cr'cssuonts

869 71 875 89 Ι
914 85 921 96 ,
1249 76 1259 91 ο

208 106 285 186 .’.Ιι’
318 147 340 180 ·.
726 141 729 146 -
836 101 981 172 *¹:³15
1023 81 1103 169 slas*
1146 78 1289 164 W

532 163 657 192 r

1177 346 1351 442 r·

245 455 264 504 2
266 458 285 522 5
291 452 378 520 taque
391 435 523 498 hesterno
537 435 583 497 die
598 434 636 498 L.
650 433 804 505 Flaccum,
819 433 894 496 &C
905 432 1076 497 Pomtinum
1088 433 1262 523 Praetores,
1278 431 1351 496 fortil

290 519 391 596 stmos,
413 537 502 604 atque
524 523 733 584 amantilsunos
753 518 920 600 reipublicae
939 520 1018 584 viros
1042 519 1078 580 ad
1093 541 1142 582 me
1155 520 1292 581 vocari:
1313 540 1351 582 reo

290 628 411 669 omnem
425 605 562 688 exposui:
586 605 655 688 quid
674 604 735 668 fieri
750 595 885 686 placeret,
906 604 1030 666 ostendi.
1047 603 1093 668 llli
1115 621 1223 667 autem
1236 607 1290 687 qui
1308 627 1351 666 om

290 693 340 754 nia
354 693 389 752 de
404 691 513 772 republ.
531 691 668 772 praeclara
689 707 779 773 atque
798 691 917 773 egregia
935 690 1083 766 sentirent,
1104 689 1161 752 srne
1183 690 1351 752 recusatione

292 797 327 837 ae
342 775 400 840 stne
416 777 475 840 ulla
489 797 572 839 mora
586 777 739 860 negotium
761 776 955 857 susceperunt,
976 775 1007 837 dt
1028 797 1099 838 cum
1118 775 1351 857 advesperasceret

246 863 409 956 300cculte
432 863 468 924 ad
489 878 606 942 pontem
627 861 768 924 Milvium
788 862 1003 942 pervenerunt:
1026 873 1116 944 atque
1130 860 1169 922 ibi
1185 861 1221 924 in
1238 858 1351 942 proximi

292 945 369 1010 vrilis
383 950 422 1010 ita
436 949 563 1027 bipartiti
578 947 705 1022 fuerunt,
719 962 753 1008 ut
767 945 888 1008 Tiberis
902 948 977 1008 inter
990 965 1056 1023 eos,
1073 943 1193 1026 &pons
1209 943 1348 1008 interellet

291 1032 422 1096 deodem
450 1048 549 1094 autem
572 1031 602 1094 δι
626 1031 690 1115 ipfr,
713 1031 772 1094 stne
790 1032 963 1116 cujusquam
985 1032 1156 1112 suspicione,
1174 1031 1295 1094 multos
1316 1030 1351 1090 lor

292 1134 336 1181 tes
351 1121 428 1182 viros
442 1117 628 1195 eduxerunt,
645 1115 674 1179 δι
693 1139 750 1195 ego
760 1117 795 1179 de
812 1117 983 1200 praefeuura
999 1116 1125 1178 Reatina
1138 1116 1313 1198 complures
1325 1115 1351 1177 de

292 1203 383 1266 ledlos
398 1203 603 1278 adolescentes,
626 1225 756 1285 quorum
770 1225 857 1284 opera
868 1219 935 1264 utor
948 1202 1053 1265 affidue
1066 1204 1094 1263 in
1111 1201 1289 1283 reipublicae
1301 1220 1351 1281 pre

248 1287 376 1382 35lidio,
398 1311 469 1352 cum
492 1288 594 1372 gladiis
618 1266 760 1354 miserdm.
807 1286 930 1350 Interim
954 1289 1040 1350 tertia
1061 1287 1120 1349 fere
1141 1287 1250 1370 vigilia
1265 1285 1351 1347 exeat

293 1375 363 1438 curn
382 1377 447 1462 jam
462 1389 582 1455 pontem
604 1395 675 1438 cum
701 1395 750 1438 ma
772 1395 811 1435 no
835 1374 978 1436 comitatu
999 1373 1087 1456 legati
1103 1372 1307 1456 Allobrogum
1327 1373 1351 1433 in

293 1461 373 1546 gredi
400 1462 571 1541 inciperent,
594 1459 712 1542 unique
738 1395 933 1535 latrantes,
956 1455 991 1519 fit
1010 1459 1041 1520 in
1060 1478 1110 1519 eos
1125 1459 1283 1538 impetus:
1305 1457 1351 1518 edu

293 1563 404 1610 cuntur
427 1547 464 1608 ab
488 1546 543 1609 illis
563 1546 672 1628 gladii,
700 1542 769 1608 &a
794 1543 917 1606 nostris:
947 1560 1078 1606 reserat
1102 1541 1288 1606 Praetonbus
1309 1557 1351 1604 not

234 1700 239 1721 ι
293 1631 377 1694 sotis:
403 1631 589 1715 ignorabatur
603 1629 620 1692 rt
635 1631 758 1693 caeteris.
804 1629 891 1692 Tum
916 1629 1079 1692 interventu
1094 1627 1264 1711 Pomptini,
1291 1643 1351 1708 atqu

247 1715 408 1810 40Flacci,
430 1737 540 1800 pugna,
563 1737 632 1796 quae
655 1729 718 1776 erat
740 1713 904 1790 commilla,
927 1714 1058 1777 sedatur:
1080 1715 1171 1777 literae
1185 1733 1351 1798 quaecunqu

293 1819 375 1864 erant
390 1802 419 1863 in
434 1823 470 1862 eo
484 1802 639 1877 comitatu,
654 1809 666 1837 ²
681 1801 799 1884 integris
810 1799 909 1882 srgnis,
924 1798 1102 1863 Praetoribus
1121 1800 1301 1864 traduntur:
1324 1799 1351 1876 ip

293 1885 506 1970 comprehenlr,
528 1889 562 1950 ad
579 1907 637 1962 me,
661 1899 730 1948 cum
741 1888 805 1972 jam
816 1885 1013 1955 dilucesceret,
1027 1886 1227 1949 deducuntur.
1277 1888 1351 1964 Atqu

293 1975 399 2035 hurum
423 1972 557 2036 omnium
581 1971 718 2034 scelerum
739 1971 980 2052 improbillimum
1004 1970 1016 2008 f
1037 1971 1275 2034 machinatorem
1288 1969 1351 2032 Cim

292 2058 379 2120 brum
404 2056 581 2132 Gabinium,
603 2055 698 2118 statim
723 2055 758 2118 ad
774 2077 833 2133 me,
856 2057 927 2135 nihil
952 2075 1017 2136 tunt
1039 2057 1234 2137 suspicantem
1261 2049 1351 2118 vocavl

247 2141 412 2236 45Deinde
423 2143 492 2204 item
505 2141 651 2204 arceffitur
667 2141 700 2204 P.
714 2140 855 2216 Statiluis,
869 2141 898 2202 dt
913 2142 975 2221 post
984 2164 1052 2205 eum
1061 2141 1238 2226 Cethegus:
1255 2138 1350 2204 tardidi

293 2243 452 2292 meantem
465 2225 609 2289 Lentulus
618 2229 709 2304 venit,
720 2228 820 2303 credo,
834 2227 1011 2309 quodlitetis
1020 2228 1122 2290 dandis
1135 2225 1351 2309 praeterconlue

293 2313 423 2375 tudinem
441 2316 572 2394 proxima
588 2313 675 2375 nodie
689 2313 835 2397 vigilirat.
858 2310 941 2374 Cum
954 2314 1021 2375 vero
1034 2315 1153 2376 summis
1164 2337 1200 2378 ac
1213 2308 1351 2377 clariffimi

292 2399 380 2485 hujus
395 2399 522 2461 civitatis
537 2398 617 2475 viris,
628 2399 691 2481 qui,
706 2399 802 2461 audita
815 2420 862 2474 re,¹
873 2397 1043 2479 frequenter
1052 2399 1088 2462 ad
1103 2422 1151 2463 me
1161 2423 1254 2465 mane
1264 2416 1351 2463 convo

293 2501 407 2562 nerant,
425 2483 521 2547 literas
536 2482 552 2544 a
568 2506 615 2547 me
631 2486 712 2566 prius
725 2485 841 2567 aperiri,
861 2506 952 2565 quam
975 2486 1009 2548 ad
1026 2483 1167 2549 Senatum
1187 2488 1291 2550 referri
1309 2481 1351 2563 plo

246 2588 383 2667 goceret,
406 2592 452 2647 ne,
467 2568 498 2633 se
513 2570 583 2632 nihil
599 2569 667 2632 ellet
683 2571 847 2645 inventum,
866 2578 881 2616 ⁸
896 2572 998 2633 temeri
1012 2570 1031 2632 a·
1043 2567 1090 2632 me
1105 2585 1204 2635 tanus
1230 2568 1351 2651 tumultu

293 2658 417 2743 injeelus
432 2657 544 2718 civitati
557 2658 712 2731 videretur,
733 2655 837 2739 negavi
860 2677 907 2717 rna
927 2654 984 2719 elle
1005 2656 1164 2733 faelurum,
1185 2673 1222 2722 ut
1246 2658 1283 2720 de
1294 2652 1351 2737 perl-

293 2742 365 2804 culo
380 2742 498 2823 publico
519 2763 578 2803 non
587 2742 623 2804 ad
637 2740 798 2805 concilium
814 2740 965 2821 publicum
979 2764 1041 2803 rem
1055 2743 1200 2827 integram
1217 2744 1349 2807 deferrem

292 2825 428 2902 Etenim,
449 2825 595 2909 Quirites,
616 2825 637 2894 st
651 2848 696 2901 ea,
717 2847 785 2907 quae
799 2840 883 2888 erant
892 2828 928 2887 ad
942 2847 991 2888 me
1003 2826 1109 2905 delata,
1125 2846 1241 2909 reperta
1255 2848 1313 2891 non
1325 2819 1351 2881 el

262 2909 267 2917 ’
292 2914 374 2985 lent3
398 2928 496 2975 tamen
509 2932 567 2995 ego
581 2932 641 2974 non
654 2912 813 2974 arbitrabar
826 2912 856 2973 in
872 2914 959 2975 tantis
973 2914 1044 2995 reip.
1061 2910 1199 2995 perieulis
1221 2912 1278 2978 etse
1297 2907 1351 2972 mih

247 2999 415 3097 55nintiam
431 2997 611 3080 diligentiam
635 2998 904 3079 pertimescendam.
950 2996 1091 3061 Senatum
1108 2998 1294 3085 frequentem
1317 3012 1351 3055 te·

292 3084 401 3159 leriter,
414 3096 446 3143 ut
461 3082 580 3156 vidistis,
595 3084 700 3167 coegi:
721 3098 812 3165 atque
822 3074 1050 3161 interea'statim,
1066 3085 1219 3149 admonitu
1231 3080 1351 3149 Allobro

293 3190 377 3251 gum,
398 3167 438 3231 C.
458 3166 619 3250 Sulpicium
638 3168 806 3243 Praetorem,
828 3168 932 3230 fortem
950 3170 1044 3232 virum
1056 3168 1130 3245 misr,
1142 3171 1194 3255 qui
1210 3193 1247 3234 ex
1260 3166 1351 3232 aedibtt

232 3298 236 3307 ·
292 3255 430 3339 Cethegi,
452 3252 472 3317 st
500 3253 569 3337 quid
595 3254 721 3329 telorum
741 3252 823 3332 esset,
843 3251 983 3316 afferret:
1005 3276 1044 3318 ex
1069 3256 1176 3339 quibus
1198 3258 1248 3320 ille
1271 3248 1351 3317 maxi·

220 3398 225 3407 .
292 3364 377 3405 ntum
400 3338 524 3411 srcarum
546 3362 715 3417 numerum,
737 3339 944 3427 &gladiorum
958 3341 1072 3405 extulit
1116 3336 1270 3407 introduxi
1290 3332 1351 3401 vul

1217 3455 1229 3482 Ι

380 3514 470 3573 dhuc.
557 3517 751 3589 ‘nrnnpern'n
830 3511 990 3601 laudarem.
1070 3521 1089 3561 t·
1104 3518 1276 3593 imprudenter.

321 3736 335 3768 2
341 3734 361 3784 5.
379 3720 408 3767 L.
422 3715 540 3782 Flaccum]
567 3718 594 3763 L.
614 3716 721 3764 flectunt
740 3683 813 3776 pstea
878 3731 916 3780 35.
932 3684 1121 3779 stamphe]
1133 3716 1186 3762 Noa
1200 3714 1223 3761 ln
1234 3702 1351 3779 quatuorri⁴

289 3787 367 3839 Qreero
383 3786 547 3846 repetundarum
559 3798 621 3829 roura
638 3783 661 3828 in
675 3782 761 3845 judicio
774 3783 813 3827 de·
836 3779 905 3840 giltas
923 3780 995 3827 divisa
1009 3794 1063 3842 «εει,
1081 3785 1103 3827 ἃ
1124 3780 1199 3840 vigilia
1218 3776 1316 3842 quelibet
1336 3783 1351 3813 1¹

196 3874 198 3881 v
289 3848 365 3897 stendit.
844 3858 888 3892 tres
898 3844 970 3892 horas.

324 3928 363 3973 30.
380 3910 466 3960 Pontem
480 3910 610 3973 Mileiiurrr.l
637 3913 697 3959 Pone
718 3909 816 3957 Mztviua
877 3911 918 3968 46.
937 3908 1038 3956 Lentulus
1047 3906 1130 3972 varin-J
1148 3910 1170 3955 1·
1182 3894 1351 3957 enthetwl

287 3988 349 4023 extra
366 3978 441 4025 unm
457 3976 497 4033 eli,
513 3976 584 4023 versu·
599 3976 738 4033 Henetiam,
754 3976 814 4035 supra
844 3974 938 4035 pinguis,
956 3979 977 4020 dc
987 3972 1071 4032 o‘resua,
1086 3978 1108 4019 ει
1119 3972 1274 4019 somnolentos.

287 4042 398 4095 tiberim,
416 4042 521 4089 seruerim
533 4044 578 4086 uad
588 4040 606 4086 is
617 4043 644 4086 ab
655 4042 708 4085 urbe
716 4040 800 4090 Rama.
879 4040 919 4100 5⁶.
936 4038 1051 4084 Admonitu
1062 4036 1219 4102 Allobrogum]
1228 4037 1260 4083 Er
1268 4034 1306 4080 bot
1316 4029 1351 4099 ΙΨ

320 4118 359 4169 33·
378 4104 513 4168 Praeserlara
530 4104 642 4179 lienium]
661 4105 732 4151 Reate
747 4106 814 4148 sani·
842 4114 901 4163 patet
919 4105 1066 4165 ntosmgum
1087 4104 1169 4163 legatos
1185 4102 1277 4151 muetos
1298 4086 1351 4139 smil*

287 4186 367 4218 norum
378 4172 407 4215 eli
417 4174 533 4229 oppidum,
551 4170 654 4215 Varronis
671 4170 757 4229 pnfflaq
767 4167 812 4213 hic
841 4168 1008 4228 conjurationis.

286 4236 393 4281 nundine
414 4234 593 4289 habenhuson&
612 4234 648 4288 ibi
670 4234 812 4292 Magistratus
877 4249 915 4295 59.
928 4228 1049 4298 Situm-J
1066 4232 1101 4281 De
1118 4225 1351 4282 bianum-1³²⁵&

284 4300 355 4349 llum·
364 4300 400 4361 jus
412 4298 505 4345 dieelra'..
820 4343 827 4349 ,
843 4310 898 4351 ιιι.
909 4300 928 4345 l·
941 4312 980 4361 39.
1136 4300 1140 4313 '
1299 4352 1304 4364 .

1237 4364 1350 4423 tuterunt
