2767 4800
130 219 240 304 xxvtr
337 221 395 295 ru.
434 201 672 296 runnu
709 197 1070 302 ciceronis

128 366 337 450 spettarentur,
358 366 467 430 veritus
482 363 602 445 Cicero,
625 389 662 430 ne
676 367 712 429 ad
724 389 827 450 pacem
839 367 960 432 Senatus
970 366 1134 444 inclinaret,
1144 362 1287 448 Philip-

128 456 199 542 picai
213 455 333 538 septima
346 473 450 536 pacem
461 450 587 515 dissuasit
602 474 609 516 :
634 469 664 516 at
675 453 746 516 crim
758 454 843 535 plena
854 455 992 539 superbiae
1003 453 1132 536 responsa
1145 452 1289 516 retulis-

129 541 203 614 sent,
218 537 394 602 tumultusa
414 539 523 644 Senatu
543 538 678 638 'dqcretus
697 539 750 638 est,
773 537 846 601 crim
867 538 933 602 belli
958 558 1068 602 nomen
1086 540 1285 626 quibusdam

128 624 332 781 l‘hlltlh‘
344 623 500 776 'diiii
508 621 839 794 llhtl‘sllllt}
853 626 1085 796 &stills
1088 625 1207 796 llll„
1214 621 1285 774 ⁶1¹3:

130 797 250 882 gatione
264 796 389 870 obikrat,
412 793 606 878 Philippicam
622 817 731 859 nonam
747 796 856 863 habuit,

174 877 226 944 Μ.
242 881 353 943 Brutus
364 901 445 945 anno
455 883 597 962 superiore
605 905 642 944 ex
653 879 773 945 ltaliam
788 879 944 945 Graeciam
956 879 1115 963 prosedlus,
1131 881 1283 944 Athenas

130 968 223 1042 venit,
246 967 294 1031 ubi
311 965 421 1032 multos
436 967 547 1031 nobiles
561 967 756 1032 adolescentes
771 965 821 1030 fibi
838 965 980 1052 adjunxit.
1027 957 1063 1032 lu
1077 968 1121 1032 his
1140 965 1202 1030 suit
1216 963 1280 1029 M.

131 1051 287 1132 Ciceronis
301 1051 392 1126 fitius,
412 1073 501 1139 quem
516 1053 638 1116 summis
660 1053 794 1116 laudibus
813 1069 931 1136 propter
944 1053 1051 1117 multas
1073 1053 1208 1130 virtutes,
1233 1065 1281 1114 ut

131 1137 228 1200 scribit
245 1137 431 1212 Plutarchus,
454 1137 565 1201 Brutus
582 1139 733 1203 efferebat,
778 1136 870 1202 Hunc
885 1139 935 1202 ille
949 1140 1046 1203 secum
1067 1139 1098 1199 in
1114 1135 1280 1200 Macedo·

131 1225 212 1292 niam
226 1224 322 1300 duxit,
342 1245 403 1305 quo
418 1221 515 1308 legato
531 1225 595 1289 usus
608 1224 700 1288 multa
711 1223 836 1286 feliciter
845 1227 936 1310 gessit.
978 1223 1070 1287 Venit
1080 1223 1169 1308 igitur
1182 1223 1280 1288 Bru.

130 1325 180 1374 tus
195 1311 226 1371 in
235 1309 446 1374 Macedoniam
461 1307 532 1372 ciam
544 1309 583 1372 C.
600 1312 749 1374 Antonius
765 1309 864 1373 Marci
878 1311 966 1374 frater
979 1311 1028 1398 Q
1040 1307 1197 1372 Hortensio
1212 1309 1278 1371 de-

132 1395 247 1460 cedenti
263 1395 440 1460 succederet.
486 1395 542 1463 Sed
559 1395 731 1459 Hortensaus
748 1397 911 1462 exercitum
927 1395 1021 1462 Bruto
1034 1395 1123 1456 dedit,
1166 1392 1278 1480 legio

131 1481 216 1628 ill
239 1505 329 1630 lull
345 1479 612 1630 Lialli'sl‘gili
628 1475 1278 1630 lllhh‘tlhlh‘slsls‘clss·

133 1625 135 1627 .
217 1595 229 1644 3
478 1613 489 1644 ,
535 1591 553 1630 u
582 1591 589 1628 t
687 1591 712 1628 ra
923 1612 934 1643 ,
1050 1591 1068 1630 u
1259 1605 1275 1617 ·

132 1653 223 1718 tulit':
247 1587 368 1736 ildrterenq
371 1653 493 1715 alteram
506 1589 542 1714 iil
556 1653 583 1716 se
598 1589 828 1722 CnlDomitius
839 1654 981 1716 abduxit:
997 1649 1032 1715 Ρ.
1046 1653 1197 1728 Vatinius
1213 1652 1277 1736 qui

133 1734 358 1824 Dyrrhachium
372 1754 580 1828 occupaverat,
597 1753 693 1819 portas
705 1737 802 1802 Bruto
815 1741 938 1820 aperuit,
960 1740 1163 1803 &exercitum
1175 1737 1277 1800 tradi·

132 1823 185 1888 dit.
230 1823 288 1892 His
301 1824 338 1889 de
355 1825 440 1889 rebus
456 1823 567 1888 Brutus
589 1823 693 1896 literas!
706 1823 824 1912 publice
837 1821 926 1899 misit,
947 1845 1020 1907 quas
1034 1823 1126 1888 Pansa
1141 1821 1275 1900 Consul,

132 1908 252 1976 laudato
272 1907 377 1985 Bruto,
399 1911 430 1972 in
448 1907 556 1972 Senatu
570 1909 713 1972 recitavit.
795 1956 802 1970 .
826 1907 931 1977 Fusius
950 1923 1070 1995 rogatus
1084 1909 1276 1988 sententiam,

133 1993 264 2062 Brutum
293 1997 501 2080 oppugnavit:
531 2013 637 2062 contra
659 2016 751 2078 quem
775 1997 886 2058 Cicero
907 1995 1101 2078 Philippicam
1120 1995 1276 2063 decimam

133 2079 219 2145 dixit.
258 2079 299 2142 C.
318 2083 466 2144 Antonius
478 2082 529 2166 qui
545 2081 573 2143 se
584 2080 775 2164 Apolloniam
790 2096 937 2164 receperat
950 2103 1020 2144 cum
1036 2082 1145 2162 septem
1160 2083 1274 2144 cohor-

134 2165 225 2243 tibus,
250 2164 430 2230 Buthrotum
454 2167 649 2242 contendens,
680 2183 738 2228 tres
768 2167 874 2246 amisit,
896 2189 965 2251 quae
987 2167 1004 2230 a
1026 2167 1121 2230 Bruto
1144 2166 1275 2231 concisae

130 2251 220 2314 sunt:
253 2249 357 2314 veriam
380 2250 753 2336 praelioscumssicerone
782 2251 844 2316 tilio
870 2253 906 2319 ad
933 2251 1081 2338 Byllidem
1103 2249 1272 2332 commisso,

133 2337 233 2403 titilus
248 2338 281 2401 in
296 2336 379 2403 Bruti
395 2337 565 2423 potestatem
577 2341 669 2405 venit.
717 2335 798 2403 Cdm
814 2340 964 2403 Antonius
980 2337 1171 2421 Apolloniam
1186 2353 1271 2401 tene-

134 2438 190 2498 ret,
205 2423 353 2489 anteKal.
371 2426 444 2508 Apr.
462 2424 581 2489 allatuin
598 2424 655 2489 suit
670 2425 706 2488 de
722 2440 816 2489 morte
830 2425 990 2500 Trebonii,
1006 2446 1097 2507 quem
1113 2422 1272 2497 Dolabella
1315 2470 1330 2481 -

135 2508 273 2596 Smytuae
285 2510 453 2574 verberibus
468 2511 500 2574 in
517 2510 679 2595 quaestione
694 2512 851 2574 interfecit.
896 2509 997 2573 Hostis
1012 2510 1169 2577 Dolabella
1183 2510 1200 2573 ai
1213 2509 1270 2572 Se·

134 2612 208 2659 natu
213 2597 363 2681 Judicatus
374 2595 428 2672 est,
451 2597 595 2661 &abtum
610 2597 645 2659 de
658 2600 831 2677 imperatore
844 2596 1012 2681 deligendo.
1036 2618 1041 2625 ·
1058 2596 1169 2659 Cicero
1182 2615 1270 2679 roga.

133 2696 182 2743 tus
196 2682 369 2744 sententiam
392 2678 586 2765 Philippicam
601 2683 791 2747 undecimam
811 2683 899 2760 dixit,
921 2683 1093 2766 censuitque
1109 2698 1142 2745 ut
1156 2680 1269 2744 Caffius

131 2766 211 2829 bello
231 2766 420 2831 Dolabellam
435 2770 672 2851 persequeretur:
696 2788 769 2844 cum
789 2784 889 2843 aurem
905 2769 988 2851 pacis
1002 2769 1096 2839 sermo
1109 2769 1146 2840 ab
1161 2768 1266 2831 amieis

131 2852 257 2915 Antonii
273 2852 462 2936 spargeretur,
479 2853 609 2935 Senatus
623 2853 736 2939 legatos
749 2854 785 2915 ad
796 2875 878 2931 eum,
900 2852 1128 2920 Ciceronem&
1144 2852 1178 2917 Ρ.
1194 2851 1263 2917 ser-

129 2936 236 3001 vilium
255 2936 402 3001 decrevit:
431 2939 474 3001 sed
495 2938 597 3002 habuit
616 2937 729 3003 Cicero
749 2938 963 3004 duodecimam,
977 2938 1180 3023 Philippicam,
1210 2940 1271 3023 qui

131 3024 265 3086 inutilem
289 3022 370 3087 illam
384 3022 441 3087 esse
458 3026 649 3109 legationem,
669 3024 757 3109 seque
778 3024 877 3088 minias
900 3025 1041 3101 idoneum
1067 3024 1122 3091 ell'e
1140 3026 1268 3109 legatum

130 3108 267 3193 ostendit.
300 3108 403 3195 Pansai,
419 3110 504 3173 initio
518 3110 623 3189 mensas
635 3111 756 3191 Aprilis,
770 3111 805 3172 ad
816 3112 928 3191 bellum
942 3112 1088 3194 profesto,
1105 3109 1155 3174 M.
1169 3110 1267 3189 1Εωί-

131 3194 190 3257 lius
207 3193 340 3278 Lepidus
352 3195 484 3259 Romam
495 3196 530 3257 ad
545 3194 688 3259 Senatum
704 3195 794 3277 misit,
812 3199 957 3282 quemad
974 3218 1078 3279 pacem
1091 3220 1160 3262 cum
1175 3199 1267 3264 Antu-

131 3282 185 3345 uio
197 3281 360 3345 faciendam
377 3284 547 3345 cohortatus
558 3280 608 3345 est.
647 3278 743 3344 Multi
755 3304 858 3365 pacem
869 3282 1028 3358 suasrirunt,
1050 3282 1129 3367 quod
1145 3282 1267 3345 incertus

131 3366 199 3429 belli
214 3368 309 3429 exitus
324 3368 481 3431 videretur.
525 3366 649 3430 Tullius
667 3384 788 3453 rogatus
804 3368 989 3446 sententiam,
1012 3366 1204 3453 Philippicam
1216 3368 1269 3429 de-

131 3454 243 3515 cimam
264 3454 381 3516 tertiam
395 3455 483 3531 dixit,
507 3474 577 3516 cum
598 3455 745 3530 Antonio,
768 3456 798 3519 dt
819 3456 1002 3520 Antonianis
1017 3476 1122 3537 pacem
1141 3453 1267 3523 ellenon

132 3536 210 3619 posse
223 3537 345 3602 docens.
375 3538 458 3603 Crim
474 3539 561 3601 multi
571 3540 608 3601 de
620 3536 747 3603 Mutina
761 3539 953 3622 desperarent,
974 3541 1141 3624 optatiffimi
1158 3539 1267 3621 nuncii,

131 3622 162 3685 dt
173 3624 270 3686 literae
284 3626 319 3687 de
334 3625 458 3689 visioni
475 3623 643 3689 Mutinensi
655 3625 809 3701 vendmnt,
832 3648 895 3709 quo
910 3642 1041 3709 tempore
1054 3626 1187 3689 maximo
1197 3646 1267 3688 cun-

131 3708 216 3773 cursu
231 3709 266 3771 ad
283 3708 463 3775 Ciceronem
478 3711 639 3773 multitudo
655 3712 748 3810 venit,
771 3710 862 3793 tiqui
878 3714 908 3773 in
925 3710 1109 3794 Capitolium
1123 3710 1203 3795 quast
1214 3712 1265 3782 tri·

129 3795 1266 3967 lllltllllllltlh„illlis”pltlltllll‘slhrllll,¹55

129 3968 356 4050 supplicationes
377 3967 572 4043 Consulibus,
604 3970 635 4033 a
661 3966 770 4030 Caesari
790 3969 931 4042 decernit,
977 3968 1099 4031 lnterim
1124 3970 1264 4031 Antonius

20 4084 22 4089 ·
128 4054 201 4138 sugd
214 4050 400 4139 transgressus
414 4045 513 4136 Alpes
522 4053 568 4136 spe
579 4054 711 4135 primiim
727 4054 884 4140 colloquii,
907 4054 1038 4136 repulsus
1052 4054 1094 4118 est
1108 4054 1126 4117 a
1138 4052 1263 4137 lepido,

55 4220 56 4223 Ἴ
128 4160 203 4204 mox
213 4139 317 4222 sapius
332 4142 362 4205 in
374 4136 566 4224 conspectum
582 4139 714 4205 militum
727 4143 862 4222 veniens,
884 4140 1058 4207 &militibus
1072 4138 1258 4226 receptuaest.

1209 4222 1258 4291 Sed

520 4329 541 4382 2
