2767 4800
39 11 58 76 f

291 255 522 338 ORATIO
552 281 634 361 nno¹
650 260 707 339 M.
732 259 963 338 COELIO.
1122 288 1195 364 237

62 405 187 472 facinus
214 407 329 472 nullam
350 409 392 473 ob
413 409 531 474 caufam
552 407 608 472 esse
623 407 834 473 commissum?
856 409 953 474 &sos
969 431 1030 474 non
1047 410 1153 476 ridetis

35 491 37 552 Ξ
65 492 140 578 fingi
166 490 284 558 sceleris
310 496 430 558 maximi
454 496 581 570 crimen,
615 511 649 558 ut
672 493 793 558 alterius
816 497 906 557 causi
927 495 1043 558 sceleris
1063 499 1201 574 fusci-tp

66 579 167 659 piendi
199 579 282 643 fuifle
308 580 461 644 videatur?
496 577 559 642 Cui
582 581 713 660 denique
738 579 908 644 comm'isnt
930 604 993 663 quo
1017 581 1152 667 adjutore

66 665 134 726 usus
155 662 222 727 esti
247 687 310 748 quo
325 665 426 728 focio?
450 687 514 748 quo
526 664 670 736 conscidi
693 668 744 728 cui
760 683 878 728 tanturn
893 667 1021 741 facinus,
1045 669 1095 731 cui
1112 671 1154 743 se,

66 749 114 810 cui
127 749 253 814 salutern
269 754 348 814 fuam
361 749 507 814 credidit?
524 751 669 816 ferris-ne
681 751 835 814 mulieris?
851 750 891 815 src
901 754 983 815 enim
997 753 1154 838 objedium

66 832 127 910 οὓς
151 834 183 898 δι
197 853 261 900 erat
281 836 341 900 tim
363 839 485 900 demens
508 837 570 912 bic,
595 838 645 900 cui
667 859 721 899 uos
743 838 901 922 ingenium
915 837 997 901 certe
1011 841 1152 915 tribuitis,

66 918 179 982 etiamst
193 923 440 986 caereratnimica
461 925 597 986 oratione
619 922 793 996 detrahatis,
815 937 851 986 ut
871 943 977 986 omnes
1000 921 1065 988 suas
1087 927 1198 1013 ἔοι-ης

68 1021 154 1074 tunes
177 1005 283 1068 alienis
306 1011 393 1071 fervis
412 1005 635 1072 committeret?
660 1024 689 1071 at
704 1009 815 1090 quibus
830 1005 942 1072 seruis?
965 1009 1055 1072 refert
1067 1014 1151 1074 enim

67 1091 250 1174 magnopere}
277 1094 305 1155 id
332 1095 446 1174 ipsum:
473 1094 587 1168 bis-ne,
609 1114 684 1175 quos
710 1093 897 1176 intelligebat
916 1114 979 1156 non
993 1099 1151 1162 communi

68 1177 243 1240 conditione
258 1177 404 1242 servitutis
420 1179 476 1254 uti,
496 1180 544 1242 fed
564 1175 717 1254 licentiis,
734 1177 867 1256 liberius,
891 1177 1065 1244 familiarirlr
1079 1201 1152 1246 cum

66 1262 188 1324 domini
204 1259 324 1326 viuere?
347 1267 416 1347 quis
430 1265 511 1328 enim
528 1265 587 1326 hoc
600 1285 663 1326 non
679 1265 773 1340 videt,
785 1261 922 1342 Judices,
943 1281 995 1326 aut
1008 1267 1076 1348 quis
1090 1267 1151 1330 boc

69 1348 196 1432 ignorat,
231 1349 261 1412 in
283 1350 425 1436 ejusmodi
448 1349 549 1426 domo,
581 1350 613 1411 in
636 1352 698 1432 qual
719 1351 959 1414 mater-familias
980 1350 1209 1420 meretricium.

70 1453 149 1494 more
168 1435 272 1496 visat:
294 1439 327 1498 in
349 1438 409 1518 qud
424 1436 496 1500 nlhil
518 1449 647 1519 geratur,
669 1436 750 1518 quod
766 1435 845 1500 furas
859 1434 1070 1515 proferendum
1089 1434 1148 1514 lit:

69 1517 100 1580 in
114 1520 173 1598 quai
188 1517 292 1596 lustra,
316 1521 466 1598 libidines,
488 1521 633 1598 luxuries,
655 1519 760 1582 omnia
779 1519 910 1602 denique
930 1520 1064 1592 inaudita
1077 1523 1151 1588 vitia

69 1619 157 1688 atque
170 1603 284 1689 flagitia
300 1607 469 1684 versentur3
493 1607 544 1670 hic
559 1607 655 1670 ferros
670 1627 734 1684 non
748 1603 804 1668 ess'e
818 1606 926 1680 ferros,
947 1605 1057 1689 quibus
1077 1628 1150 1672 om·

70 1691 116 1750 nia
129 1691 374 1768 committantur,
396 1714 448 1774 per
473 1713 549 1772 quos
572 1707 726 1775 gerantur,
748 1692 804 1772 qui
826 1690 975 1754 versentur
995 1691 1097 1760 iisdem
1117 1694 1150 1758 in

69 1771 283 1856 ¹voluptatibus,
304 1778 413 1862 quibus
441 1776 562 1842 occulta
588 1775 760 1852 credantur,
789 1776 829 1841 ad
855 1797 931 1858 quos
959 1777 998 1856 ali
1023 1794 1195 1870 uantuma5

69 1861 152 1924 etiam
166 1883 207 1924 err
223 1863 405 1944 quotidianis
421 1862 588 1942 sumptibus
612 1883 647 1924 ac
669 1861 790 1925 luxurii
812 1860 979 1925 redundet?
1000 1797 1035 1925 ld
1059 1863 1151 1964 igitur

69 1943 182 2010 Caelius
200 1968 263 2009 non
278 1947 415 2012 videbat?
438 1946 461 2016 fr
474 1950 556 2010 enim
571 1965 631 2012 tam
647 1948 801 2012 familiaris
813 1966 877 2012 erat
890 1947 1035 2024 mulieris,
1056 1969 1150 2032 quam

67 2051 115 2097 ros
130 2031 247 2106 vultur
270 2030 338 2097 ilius
360 2053 486 2118 quoque
510 2033 608 2099 ferros
630 2035 789 2103 familiares
802 2030 1003 2096 essedominae
1017 2035 1148 2104 sciebat:

64 2113 104 2180 sin
131 2119 161 2186 ei
185 2133 272 2185 tauta
294 2119 490 2194 consuetudo,
511 2135 623 2201 quanta
646 2118 663 2181 ir
687 2120 772 2184 vobis
800 2119 964 2194 inducitur,
984 2137 1148 2204 nouerat,

64 2223 129 2284 quae
155 2225 233 2266 cum
260 2205 348 2280 fervis
376 2207 475 2286 potuit
500 2203 684 2268 familiaritas
709 2201 766 2268 effe
787 2203 894 2277 tanta?
926 2201 1021 2286 lpsrus
1045 2221 1195 2297 autemp

64 2290 170 2363 reueni
193 2310 264 2370 quae
288 2291 364 2354 ratio
381 2287 532 2441 ,ἧηῗὶιυτΐ
556 2291 607 2354 ubi
622 2287 780 2374 quaelitum
804 2288 871 2353 esll
893 2289 1147 2373 quemadmodum

63 2373 224 2459 paritum?
246 2397 310 2460 quo
334 2376 422 2459 padio
477 2375 540 2451 cui,
570 2376 687 2461 quoin
711 2375 782 2443 loco
804 2374 972 2441 traditum?
1004 2373 1147 2441 Habuilse

62 2464 147 2525 aiunt
169 2463 267 2538 durni,
288 2462 411 2545 vimque
439 2463 503 2548 eJus
528 2460 584 2535 effe
607 2478 761 2543 expertam
791 2462 824 2523 in
848 2462 931 2525 fervo
952 2460 1085 2544 quodam
1107 2463 1148 2527 ad

63 2568 123 2611 rem
139 2548 236 2629 ipfnm
257 2564 372 2630 parato,
394 2548 481 2632 cujus
496 2546 655 2628 bperceleri
671 2548 794 2612 interitu
808 2544 865 2609 esse
879 2548 917 2609 ab
931 2548 990 2609 hoc
1003 2567 1146 2627 compro.-

63 2632 166 2697 batum
182 2652 344 2699 uenenum.
391 2632 448 2699 Pro
470 2634 511 2713 dii
535 2628 737 2697 immortales!
761 2654 816 2713 pur
831 2633 981 2696 interdum
998 2632 1030 2694 in
1044 2631 1193 2721 homi-35

63 2738 137 2787 num
159 2718 319 2783 sceleribus
339 2720 489 2795 maximis,
511 2732 562 2793 put
586 2718 767 2794 connivetis,
786 2733 840 2781 aut
865 2719 1015 2799 praesentis
1036 2716 1146 2783 fraudis

63 2824 169 2885 poenas
184 2806 216 2866 in
231 2806 310 2865 diem
334 2803 507 2871 reservatis?
533 2800 604 2865 Vidi
620 2806 715 2877 enim,
738 2804 808 2883 vidi,
826 2802 858 2865 dr
875 2804 964 2869 illum
987 2802 1070 2871 hausr
1086 2804 1147 2867 do-

64 2890 156 2953 lorem
178 2890 225 2951 vel
249 2889 463 2953 acerbissimum
488 2890 520 2961 in
545 2888 619 2966 vird,
641 2890 713 2953 crim
735 2885 779 2964 Q.¹
794 2885 946 2963 Metellus,
963 2887 1147 2969 abstrahere-

65 2992 111 3039 tur
132 2972 151 3038 ὲ
170 2972 237 3049 frnu
262 2976 438 3061 gremioque
461 2974 580 3057 patriae:
602 2974 735 3057 cirmque
760 2973 810 3039 ille
832 2976 890 3051 vir,
911 2976 965 3059 qui
986 2974 1016 3036 se
1039 2992 1145 3041 natum

65 3058 133 3125 huic
150 3060 279 3143 imperio
299 3060 427 3141 putavit,
442 3062 530 3123 tertio
545 3062 593 3123 die
605 3056 681 3143 post,
705 3057 796 3143 quim
819 3061 850 3122 in
868 3063 962 3135 curii,
985 3060 1016 3122 in
1032 3055 1193 3145 rostrum

65 3144 95 3212 in
109 3148 212 3226 repub.
233 3142 385 3229 floruisset,
410 3146 602 3230 integerrimi
623 3160 724 3223 aetate,
741 3154 758 3183 “³
772 3148 890 3227 optimo
907 3146 1025 3224 habitu,
1046 3147 1146 3207 maxi·

66 3231 119 3293 mis
133 3231 260 3307 viribus,
281 3232 442 3313 eriperetur
457 3231 654 3315 indignislimi
665 3230 752 3293 bonis
765 3231 908 3293 omnibus
922 3248 1011 3312 atque
1023 3230 1147 3297 unirer-

66 3320 101 3387 fre
114 3317 229 3411 ciuitati
238 3340 250 3392 5
272 3338 336 3401 quo
352 3318 472 3399 quidem
493 3333 626 3419 tempore
638 3314 688 3397 ille
703 3316 847 3395 moriens,
866 3316 942 3393 crim
951 3317 1015 3403 jam
1030 3317 1147 3398 peteris

300 3448 507 3527 '’norrefirbud.
661 3450 907 3527 fsptr'aesrauirnre,
981 3509 984 3516 ,

974 3532 982 3557 b

95 3614 133 3648 rr.
151 3598 194 3647 cnr
201 3596 289 3663 scripu
299 3595 412 3665 misia]
433 3596 511 3644 Affert
520 3594 603 3646 eree:
619 3592 803 3651 erelarnationel
817 3594 1037 3657 proppfimdigress'us
1051 3594 1077 3645 ln
1088 3596 1146 3645 Cle-

66 3678 88 3715 το
106 3678 184 3711 omues
205 3663 387 3720 circumstantia,
413 3662 493 3724 quibus
515 3660 589 3722 probet
619 3662 677 3709 diem
692 3658 815 3721 invehitur,
830 3676 881 3721 qun
891 3661 968 3709 esdras
982 3660 1062 3706 veneni
1073 3661 1146 3711 cd.

66 3724 157 3785 Celium
169 3728 252 3776 veneni
271 3727 354 3776 crimen
372 3742 416 3774 non
434 3724 558 3785 adusififfe3
576 3722 588 3771 i
619 3740 659 3772 urn
671 3723 805 3792 insimulare,
814 3724 867 3772 enlm
876 3724 924 3787 ipsa
932 3724 1020 3772 venerit
1032 3725 1057 3771 in
1073 3724 1145 3789 suffl-

65 3790 153 3853 perfodir
171 3792 304 3851 exorditurp
318 3806 343 3839 ae
358 3791 406 3841 1⁰3
419 3790 589 3847 sentiendis,
619 3789 708 3837 eiouem
724 3804 811 3836 veneno
826 3790 930 3837 maritum
943 3788 1064 3838 fututum
1080 3790 1146 3853 eujus

65 3860 140 3919 quibus
153 3856 295 3905 summittere
307 3854 355 3902 tutb
372 3856 425 3903 illud
441 3856 526 3903 facinus
543 3868 588 3901 non
618 3852 748 3917 ipfelapder
761 3850 815 3909 ruini
872 3856 970 3920 ¹equitur.

65 3922 141 3979 meust,
157 3921 209 3983 quia
224 3920 313 3968 liberius
327 3920 351 3968 iu
361 3920 398 3969 illi
407 3922 473 3969 domo
483 3916 549 3983 pleni
560 3918 587 3966 ll·
652 3919 691 3981 38·
702 3916 838 3966 Medianas
855 3916 986 3985 rabaam]
995 3918 1144 3982 Propterbfe-

66 3985 137 4035 bidinir
149 3986 263 4032 virebant.
618 3983 696 4031 tellum
706 3983 813 4030 sublatum
855 3982 1017 4041 senectutis,
1027 3984 1074 4046 ipsa
1085 3982 1146 4035 dor

98 4046 587 4127 3r.Ubiqaaefitup¹f.]20.PrubatCoelium
617 4048 650 4094 esi
668 4048 846 4109 clytemmtn,
869 4058 901 4096 ut
913 4049 944 4097 sit
961 4050 1041 4097 Fabius
1059 4048 1099 4097 lib.
1118 4049 1145 4098 8.

67 4116 200 4230 ῗυμῃῶἱ
212 4126 326 4161 venenum
341 4130 355 4161 a
369 4112 586 4162 circumstantiisloei
617 4128 667 4174 eap.
681 4112 772 4176 nqueo
783 4112 996 4229 ztillgwssm
1006 4114 1072 4163 suunt
1081 4118 1146 4191 Λευ·

124 4194 145 4225 ιι
201 4193 235 4225 m.
618 4192 679 4225 mern
1105 4194 1145 4227 ru.

72 4236 77 4249 ¹
97 4194 136 4340 ἓ.
151 4243 198 4321 Prd
216 4242 250 4295 dr'r'
270 4239 415 4313 irrnrrrafrn]
449 4239 589 4319 Vrbemeuu'
615 4192 772 4318 perrel?
805 4193 819 4227 c
853 4242 858 4250 “
960 4192 1098 4229 ww
