2767 4800
516 283 731 386 [479]

37 427 131 495 lebat
151 424 283 516 ΗΜΛ,
304 427 342 492 &l
364 419 485 512 Scipioni
497 439 595 490 contro
608 426 755 490 Milonem.
801 425 923 515 Atsaepe
936 427 1048 519 intorsi
1061 429 1141 498 Mile

41 516 83 576 ὅ
99 513 215 590 Clodius
230 512 359 602 sumsteis
384 511 535 576 aldionibus
547 509 648 575 Κουιιε
667 514 908 600 depugnaveraut,
930 515 965 578 (θ’
980 532 1139 584 eratuter-

40 622 101 696 que
114 598 241 664 audasid
247 615 307 685 par
314 629 325 678 3
337 617 343 645 ¹
358 600 393 660 ed
404 597 482 663 Milo
485 611 538 682 pro
551 597 706 662 melioribus
709 601 839 683 partibus
835 601 946 686 stabat.

91 684 246 760 Praetereo
258 687 290 749 iu
303 686 416 755 eundem
428 706 532 748 annum
546 683 718 774 Corfiolatuns
733 683 821 761 Milo,
846 685 954 762 Clodius
968 681 1140 758 Praeturom

39 773 188 865 potebat:
211 795 296 855 quom
309 769 421 838 debilem
423 770 574 857 suturam,
596 769 708 860 Corfiole
719 771 840 848 Milone,
864 771 1040 854 intelligebat.

92 857 212 922 Deinde
232 859 294 934 etim
305 856 355 920 diu
373 864 466 920 treola
482 856 560 943 qffeut
573 855 682 920 comitia
698 857 871 946 Coofielaria,
888 859 1034 949 perficique
1048 862 1141 925 abeas

47 941 124 1030 ipfios
135 943 266 1028 perditas
285 943 491 1008 candidatarum
513 942 755 1013 emtmsiemsuon
776 944 887 1030 poffent,
910 946 945 1007 ξε·
966 947 997 1006 ob
1016 945 1048 1006 iel
1057 947 1141 1034 mense

47 1029 204 1118 Jonuario
222 1029 293 1092 nulli
305 1031 370 1092 dum
386 1053 471 1112 neque
484 1028 620 1117 Cordules,
641 1051 726 1111 neque
741 1027 884 1094 Praetores
899 1030 987 1116 effert,
1009 1031 1142 1105 trabere-

47 1127 157 1198 turque
171 1117 227 1196 dios
241 1117 328 1182 eodem
343 1138 394 1200 qno
413 1113 497 1178 autad
520 1117 603 1189 ruodo,
625 1116 691 1180 dum
711 1113 788 1178 Milo
808 1117 1010 1200 quamprimum
1030 1116 1141 1182 emutio

48 1201 148 1287 cqrfici
161 1201 256 1281 velles,
278 1202 468 1289 conficeretque
481 1202 542 1264 cum
554 1203 682 1265 bonorum
683 1199 805 1288 studiis,
820 1201 870 1286 qui
878 1205 908 1262 ob
915 1204 1030 1290 fiebant
1041 1203 1142 1286 Clodio,

36 1287 112 1368 ,turn
134 1289 221 1353 etiarn
229 1288 337 1373 papali,
354 1301 469 1372 propter
483 1286 578 1384 effiesas
601 1287 772 1372 largitiones,
795 1287 922 1372 imponas
942 1311 1043 1371 qnoque
1061 1289 1141 1351 luda-

49 1371 296 1472 rumscenisorum
308 1397 341 1436 ac
351 1373 518 1454 gladiatorii
541 1373 661 1437 numeris
676 1375 823 1452 maximas,
847 1375 876 1436 in
892 1397 957 1456 quas
972 1375 1032 1436 tria
1041 1375 1143 1460 patri.
1178 1389 1180 1392 ·

50 1481 146 1521 annea
170 1459 290 1550 φάψ
310 1483 372 1522 enm
394 1459 487 1522 Cicero
498 1458 656 1604 fignqleat,
673 1459 852 1543 competitores
865 1459 931 1522 verb
952 1459 1009 1542 ejus
1028 1460 1143 1524 trahem

50 1545 171 1622 vellent,
186 1545 293 1629 ideoquq
307 1543 453 1630 Pompeius
462 1566 549 1625 gener
584 1543 707 1628 cipionis,
724 1547 758 1606 ἔθ’
776 1541 811 1606 T.
828 1544 986 1613 Munatius
997 1546 1147 1616 Tribunus·

45 1628 89 1720 pl.
107 1633 215 1718 referri
228 1633 269 1694 od
279 1630 411 1705 Senatum
424 1633 457 1694 de
471 1630 613 1697 Patriciis
623 1631 812 1708 convocandis,
829 1631 878 1714 qui
891 1629 1143 1718 luterregempro,

49 1717 167 1794 derant,
188 1740 240 1780 non
254 1717 423 1863 qfflntpaffi,
444 1719 505 1782 seim
519 1717 686 1798 Interregem
697 1720 810 1800 prodere
820 1717 902 1780 moris
917 1717 998 1802 effet:

96 1800 137 1869 A.
152 1804 182 1867 d.
203 1803 271 1868 xiie.
295 1803 358 1868 Ca.
376 1803 442 1866 Feb.
468 1805 547 1888 (olla
561 1803 633 1866 enim
645 1801 874 1890 nsagisſsquenda
887 1805 921 1865 &
939 1803 1022 1890 ipsam
1036 1802 1142 1868 oratio-

49 1911 129 1966 ῃηη,
144 1910 210 1972 quae
220 1889 291 1952 attis
304 1887 441 1972 congruit,
452 1901 531 1972 puto,
545 1887 629 1971 quam
640 1887 825 1976 Feuqstellam,
840 1887 893 1971 qui
904 1911 933 1950 a.
947 1891 975 1952 d.
992 1889 1055 1958 xiu.
1074 1891 1140 1967 Cal,
1204 1895 1207 1910 '

52 1975 125 2040 Feb.
149 1975 255 2058 tradit)
277 1972 352 2038 Melo
372 1973 549 2050 Lanuvium,
571 1983 607 2036 eo's
635 1997 685 2058 quo
710 1987 773 2036 erat
787 1973 946 2059 municipio,
968 1977 1003 2038 {d
1027 1975 1068 2038 ibi
1084 1975 1144 2040 tolon

53 2059 208 2141 Dilbator,
224 2063 361 2153 proselitis
375 2061 466 2146 estad
476 2059 628 2126 Flamiuem
635 2060 803 2206 prodendum
814 2059 919 2146 pessero*
930 2059 973 2122 die
988 2082 999 2134 ς
1018 2065 1144 2126 occurrit

54 2145 84 2208 ei
99 2147 179 2220 cirea
188 2145 284 2211 horam
298 2151 394 2210 nouam
410 2145 517 2208 (ladius
523 2145 635 2231 paulin
646 2159 693 2206 tra
711 2144 848 2222 Bovillas,
863 2145 969 2218 rediens
978 2149 1015 2210 ab
1028 2145 1143 2228 Aricia,

50 2246 140 2323 prope
153 2251 215 2298 eum
230 2232 315 2299 locunt
328 2232 357 2296 in
372 2255 424 2315 quo
437 2232 524 2296 Bona
537 2234 595 2295 dece
598 2231 731 2321 sacellum
745 2256 759 2292 e
796 2245 817 2309 3⁴
829 2246 893 2294 orat
905 2246 998 2310 autem
1010 2231 1144 2298 allocutus

56 2319 230 2384 Decuriones
243 2316 421 2384 Aricinum
432 2343 443 2394 3
456 2317 609 2381 vehebatur
622 2315 729 2380 Clodius
744 2341 757 2379 e
776 2341 826 2396 uo;
839 2314 924 2407 servi
938 2321 1079 2407 xxmfere
1091 2344 1151 2396 en·.⁴

52 2404 157 2500 pediti,
179 2420 212 2467 ut
230 2403 274 2474 illo
293 2418 408 2489 tempore
422 2428 475 2470 neos
489 2417 552 2467 erat
569 2404 625 2468 iter
628 2341 815 2495 facientibus,
833 2402 937 2485 gladiis
950 2404 1034 2469 cinai
1040 2404 1143 2493 fique·

55 2492 166 2555 bantur
176 2520 187 2568 ;
209 2505 292 2553 erant
307 2513 369 2565 cum
385 2490 475 2552 Clodio
492 2504 633 2574 praetereo
651 2503 708 2551 tres
726 2488 911 2571 eomitstejus,
935 2492 1080 2572 exquibus
1094 2490 1143 2557 E·
1192 2553 1195 2559 ,

56 2599 125 2659 ques
138 2575 281 2643 Romam
302 2598 372 2640 unus
392 2577 425 2639 C.
451 2575 582 2663 Cofflnius
600 2570 708 2650 Schola,
729 2576 780 2636 duo
799 2574 831 2635 de
841 2570 915 2657 plebe
931 2574 1000 2637 novi
1012 2568 1144 2659 honines,

58 2658 152 2725 P.P
209 2662 299 2739 onius,
316 2664 349 2738 C,
367 2660 489 2737 Clodius.
522 2658 597 2722 Mla
612 2657 697 2725 rheda*
710 2656 876 2737 vehebatur,
889 2682 952 2722 cum
966 2674 1049 2723 uxore
1060 2660 1143 2729 Fau.

42 2678 220 2844 stbfilib'nb.
238 2746 319 2832 Sylla
332 2744 504 2824 Dictatoris,
526 2748 561 2809 ὅ
578 2744 630 2810 Μ.
653 2742 732 2831 Fufio
732 2742 882 2831 familiari
886 2742 938 2831 suo
951 2770 964 2809 s
973 2744 1144 2833 sequebatur

54 2857 101 2900 eos
119 2857 249 2915 magnum
279 2855 408 2897 cruorum
431 2854 527 2914 agmen
543 2860 552 2909 3
575 2831 725 2913 intorques
740 2828 906 2910 gladiatores
928 2854 1029 2915 quoque
1046 2847 1142 2922 oront,

56 2943 94 2996 ex
107 2920 208 3003 quibus
220 2917 350 2995 deonoti,
368 2918 515 2985 Eudemus
529 2919 564 2980 ἔθ’
580 2917 710 2981 Birria:
729 2914 762 2979 hi
776 2917 806 2995 q'n
820 2912 912 2981 ultima
926 2919 1033 2999 agmine
1046 2919 1142 2985 tardi-.-

57 3004 93 3079 ps
106 3019 211 3081 euntes,
224 3004 389 3093 cumscrvis
403 3001 443 3065 P.
460 3002 547 3066 Clodii
561 3002 654 3077 riuum
672 3000 875 3089 eammisoruut3
896 3004 936 3066 ad
945 3026 1023 3087 quem
1037 3003 1142 3070 tumul.-

57 3110 119 3168 rum
131 3092 195 3158 eum
205 3088 353 3179 rqpexiffet
368 3088 476 3152 Clodius
487 3087 703 3165 minitabundus,
726 3086 868 3150 humerum
878 3086 936 3171 ejus
951 3090 1140 3156 'llirria'rout-¹

53 3174 143 3261 pbaea
156 3178 267 3260 trajecit
281 3198 293 3239 .·
315 3175 376 3237 inde
389 3198 449 3239 cunt
462 3189 524 3237 orta
538 3172 597 3261 qffi’t
606 3189 716 3258 pugna,
727 3172 994 3255 plures'Mslanioni
1008 3198 1141 3241 accurre-s

56 3271 139 3330 runt.
182 3260 293 3326 Clodius
310 3260 478 3323 vulneratus
497 3261 527 3323 in
541 3262 686 3321 tabernam
703 3259 857 3340 proximam
878 3258 1023 3326 Bovillano
1037 3258 1144 3327 delatus

57 3348 106 3497 ΞΛ.
151 3344 238 3424 Milo,
260 3361 293 3411 ut
305 3346 431 3429 cognovit
443 3344 623 3410 vulneratum
638 3342 770 3421 Clodium
793 3344 914 3430 ciemfibi
919 3344 1039 3429 periculo
1047 3369 1091 3417 tus
1104 3344 1143 3407 il-

59 3434 113 3511 }ud
122 3433 205 3496 etiam
219 3434 290 3497 vivo
303 3434 472 3521 adfuturum
489 3431 662 3511 intelligeret,
683 3428 760 3516 occiso
773 3444 866 3505 autern
879 3453 1008 3513 magnum
1030 3430 1166 3513 olatiuns¹

56 3544 74 3579 e
93 3534 121 3580 et
141 3517 304 3594 habiturus,
320 3518 411 3584 ‘etiam
423 3516 455 3603 st
484 3518 608 3579 obeunda
630 3516 691 3603 ‘ffl'l
713 3530 812 3597 poena,
833 3516 981 3583 lxturbari
998 3518 1145 3595 tabernam

47 3604 132 3691 jufflt
142 3626 153 3665 :
164 3606 231 3689 fuit
242 3602 434 3689 antestgnanus
463 3626 594 3665 ervorum
607 3601 664 3685 ejus
679 3598 731 3664 M.
749 3601 903 3684 Feeslenu53
925 3616 1006 3685 atque
1020 3602 1063 3665 ila
1078 3601 1144 3669 Cloe

50 3692 123 3753 'elius
134 3690 219 3752 latens
230 3698 374 3753 extrallus
388 3690 436 3775 est,
451 3687 590 3777 multdque
600 3685 765 3750 vulooeribus
780 3686 933 3773 coefillus:
953 3689 1075 3751 cadaver
1085 3688 1145 3771 ejus

59 3775 92 3848 in
107 3775 157 3839 vid
167 3775 303 3852 relietum,
314 3774 471 3858 quiaservi
480 3774 566 3838 (lodii
579 3788 631 3836 aut
640 3770 715 3857 oecfi
727 3782 820 3845 erant,
842 3788 894 3834 aut
899 3773 1035 3853 graviter
1034 3771 1144 3865 scendi,

59 3860 193 3925 latebant.
238 3860 317 3924 Sext.
342 3859 442 3924 ‘Tedius
452 3857 578 3947 senator,
601 3859 650 3941 qui
660 3856 741 3943 sorti
752 3880 790 3917 ex·
801 3880 869 3933 rure
890 3858 919 3921 in
935 3860 1027 3923 urbem
1042 3881 1144 3923 rever-

52 3948 184 4024 uebatur,
191 3946 320 4036 fisstulit,
335 3947 370 4009 ὅ
384 3943 538 4030 baiulum
547 3943 664 4007 Romam
664 3942 748 4030 ferri
750 3940 829 4029 Jefft
839 3965 850 4005 :
871 3942 922 4031 ipſs
936 3940 1032 4030 rursus
1045 3945 1144 4033 eodem,
1228 3992 1231 3998 ,

61 4036 132 4113 unde
146 4048 277 4111 venerat,
289 4032 409 4119 graffum
422 4031 545 4115 recepit:
556 4028 741 4114 perlatumesl
752 4042 848 4113 corpus
856 4028 942 4093 Clodii
951 4043 1015 4091 aute
1044 4030 1146 4109 rimam

62 4122 144 4183 uatis
159 4118 276 4197 boram,
298 4119 450 4203 inopinumque
455 4115 541 4200 plebis
556 4114 744 4205 &servorum
758 4115 880 4177 maxima
892 4114 985 4177 multit
1050 4139 1147 4197 ueagno

27 4276 29 4279 ,
60 4204 137 4290 lollio
160 4222 260 4311 corpus
276 4206 305 4271 in
322 4204 397 4269 atria
409 4204 499 4269 doems
509 4201 621 4293 postium
636 4200 813 4286 cirrumstetit
830 4223 842 4266 .·
861 4202 980 4283 augebat
992 4199 1149 4298 enimsulti

474 4294 478 4300 '
537 4303 539 4306 '
736 4340 744 4347 .
768 4308 770 4314 ·
1008 4286 1150 4367 iosqediqsqq
