<?xml version="1.0" encoding="UTF-8"?>
<!DOCTYPE html PUBLIC "-//W3C//DTD XHTML 1.0 Transitional//EN"
    "http://www.w3.org/TR/xhtml1/DTD/xhtml1-transitional.dtd">
<html xmlns="http://www.w3.org/1999/xhtml" xml:lang="en" lang="en">
 <head>
  <title>
</title>
<meta http-equiv="Content-Type" content="text/html;charset=utf-8" />
  <meta name='ocr-system' content='tesseract 3.04.00' />
  <meta name='ocr-capabilities' content='ocr_page ocr_carea ocr_par ocr_line ocrx_word'/>
</head>
<body>
  <div class='ocr_page' id='page_1' title='image "./mtciceronisorat00mrgoog/mtciceronisorat00mrgoog_0218.png"; bbox 0 0 2767 4800; ppageno 0'>
   <div class='ocr_carea' id='block_1_1' title="bbox 241 239 1211 355">
    <p class='ocr_par' dir='ltr' id='par_1_1' title="bbox 241 239 1211 355">
     <span class='ocr_line' id='line_1_1' title="bbox 241 239 1211 355; baseline -0.003 -22"><span class='ocrx_word' id='word_1_1' title='bbox 241 277 313 355; x_wconf 79' lang='lat'>174</span> <span class='ocrx_word' id='word_1_2' title='bbox 460 239 1211 348; x_wconf 70' lang='lat' dir='ltr'>strunt-sscrc&#39;ssossrs</span> 
     </span>
    </p>
   </div>
   <div class='ocr_carea' id='block_1_2' title="bbox 241 399 1351 1088">
    <p class='ocr_par' dir='ltr' id='par_1_2' title="bbox 241 399 1351 1088">
     <span class='ocr_line' id='line_1_2' title="bbox 280 399 1351 484; baseline -0.003 -18"><span class='ocrx_word' id='word_1_3' title='bbox 280 401 441 467; x_wconf 77' lang='lat' dir='ltr'>centuriis:</span> <span class='ocrx_word' id='word_1_4' title='bbox 465 399 516 466; x_wconf 89' lang='lat' dir='ltr'>M.</span> <span class='ocrx_word' id='word_1_5' title='bbox 534 399 657 479; x_wconf 89' lang='lat' dir='ltr'>Catoni,</span> <span class='ocrx_word' id='word_1_6' title='bbox 679 401 794 465; x_wconf 89' lang='lat' dir='ltr'>homini</span> <span class='ocrx_word' id='word_1_7' title='bbox 810 401 841 464; x_wconf 86' lang='lat' dir='ltr'>in</span> <span class='ocrx_word' id='word_1_8' title='bbox 855 402 938 464; x_wconf 86' lang='lat' dir='ltr'>omni</span> <span class='ocrx_word' id='word_1_9' title='bbox 953 402 1060 465; x_wconf 85' lang='lat' dir='ltr'>virtute</span> <span class='ocrx_word' id='word_1_10' title='bbox 1075 401 1258 478; x_wconf 79' lang='lat' dir='ltr'>excellenti,</span> <span class='ocrx_word' id='word_1_11' title='bbox 1282 401 1315 464; x_wconf 92' lang='lat' dir='ltr'>de</span> <span class='ocrx_word' id='word_1_12' title='bbox 1327 403 1351 484; x_wconf 77' lang='lat' dir='ltr'>ip</span> 
     </span>
     <span class='ocr_line' id='line_1_3' title="bbox 282 486 1351 570; baseline -0.004 -14"><span class='ocrx_word' id='word_1_13' title='bbox 282 487 340 556; x_wconf 78' lang='lat' dir='ltr'>stus</span> <span class='ocrx_word' id='word_1_14' title='bbox 360 486 555 563; x_wconf 80' lang='lat' dir='ltr'>accusatione,</span> <span class='ocrx_word' id='word_1_15' title='bbox 576 489 612 550; x_wconf 93' lang='lat' dir='ltr'>de</span> <span class='ocrx_word' id='word_1_16' title='bbox 627 486 892 563; x_wconf 62' lang='lat' dir='ltr'>senatusconsulto,</span> <span class='ocrx_word' id='word_1_17' title='bbox 907 487 943 550; x_wconf 86' lang='lat' dir='ltr'>de</span> <span class='ocrx_word' id='word_1_18' title='bbox 961 487 1060 570; x_wconf 85' lang='lat' dir='ltr'>repub.</span> <span class='ocrx_word' id='word_1_19' title='bbox 1077 489 1282 570; x_wconf 86' lang='lat' dir='ltr'><strong>respondebo.</strong></span> <span class='ocrx_word' id='word_1_20' title='bbox 1321 489 1351 552; x_wconf 75' lang='lat' dir='ltr'>Sd</span> 
     </span>
     <span class='ocr_line' id='line_1_4' title="bbox 282 564 1351 660; baseline -0.003 -22"><span class='ocrx_word' id='word_1_21' title='bbox 282 593 390 660; x_wconf 80' lang='lat' dir='ltr'>pauca,</span> <span class='ocrx_word' id='word_1_22' title='bbox 412 594 481 658; x_wconf 80' lang='lat' dir='ltr'>quae</span> <span class='ocrx_word' id='word_1_23' title='bbox 503 595 601 652; x_wconf 89' lang='lat' dir='ltr'>meum</span> <span class='ocrx_word' id='word_1_24' title='bbox 616 574 751 638; x_wconf 88' lang='lat' dir='ltr'>animum</span> <span class='ocrx_word' id='word_1_25' title='bbox 768 574 885 656; x_wconf 70' lang='lat' dir='ltr'>repente</span> <span class='ocrx_word' id='word_1_26' title='bbox 898 590 1065 649; x_wconf 84' lang='lat' dir='ltr'>moverunt,</span> <span class='ocrx_word' id='word_1_27' title='bbox 1091 577 1181 655; x_wconf 85' lang='lat' dir='ltr'>prius</span> <span class='ocrx_word' id='word_1_28' title='bbox 1196 577 1236 637; x_wconf 90' lang='lat' dir='ltr'>de</span> <span class='ocrx_word' id='word_1_29' title='bbox 1249 573 1288 640; x_wconf 89' lang='lat' dir='ltr'>L.</span> <span class='ocrx_word' id='word_1_30' title='bbox 1305 564 1351 637; x_wconf 84' lang='lat' dir='ltr'>Msi</span> 
     </span>
     <span class='ocr_line' id='line_1_5' title="bbox 284 657 1351 742; baseline -0.004 -18"><span class='ocrx_word' id='word_1_31' title='bbox 284 681 375 725; x_wconf 81' lang='lat' dir='ltr'>raenae</span> <span class='ocrx_word' id='word_1_32' title='bbox 389 660 506 722; x_wconf 87' lang='lat' dir='ltr'>sortuna</span> <span class='ocrx_word' id='word_1_33' title='bbox 519 679 695 742; x_wconf 90' lang='lat' dir='ltr'>conquerar.</span> <span class='ocrx_word' id='word_1_34' title='bbox 739 657 822 723; x_wconf 88' lang='lat' dir='ltr'>Nam</span> <span class='ocrx_word' id='word_1_35' title='bbox 838 681 908 722; x_wconf 88' lang='lat' dir='ltr'>cum</span> <span class='ocrx_word' id='word_1_36' title='bbox 925 659 1000 740; x_wconf 72' lang='lat' dir='ltr'>saepe</span> <span class='ocrx_word' id='word_1_37' title='bbox 1012 674 1115 737; x_wconf 87' lang='lat' dir='ltr'>antea,</span> <span class='ocrx_word' id='word_1_38' title='bbox 1131 659 1278 742; x_wconf 85' lang='lat' dir='ltr'>Judices,</span> <span class='ocrx_word' id='word_1_39' title='bbox 1300 660 1351 723; x_wconf 77' lang='lat' dir='ltr'>&amp;e</span> 
     </span>
     <span class='ocr_line' id='line_1_6' title="bbox 241 744 1351 828; baseline -0.003 -20"><span class='ocrx_word' id='word_1_40' title='bbox 241 746 412 810; x_wconf 74' lang='lat' dir='ltr'>wallorum</span> <span class='ocrx_word' id='word_1_41' title='bbox 427 745 560 822; x_wconf 89' lang='lat' dir='ltr'>miseriis,</span> <span class='ocrx_word' id='word_1_42' title='bbox 583 745 613 808; x_wconf 77' lang='lat' dir='ltr'>dt</span> <span class='ocrx_word' id='word_1_43' title='bbox 628 766 666 809; x_wconf 89' lang='lat' dir='ltr'>ex</span> <span class='ocrx_word' id='word_1_44' title='bbox 679 745 754 808; x_wconf 83' lang='lat' dir='ltr'>meis</span> <span class='ocrx_word' id='word_1_45' title='bbox 775 747 854 808; x_wconf 88' lang='lat' dir='ltr'>curis</span> <span class='ocrx_word' id='word_1_46' title='bbox 870 744 1075 828; x_wconf 75' lang='lat' dir='ltr'>laboribusque</span> <span class='ocrx_word' id='word_1_47' title='bbox 1092 747 1299 828; x_wconf 80' lang='lat' dir='ltr'>quotidianis,</span> <span class='ocrx_word' id='word_1_48' title='bbox 1318 745 1351 806; x_wconf 84' lang='lat' dir='ltr'>sss</span> 
     </span>
     <span class='ocr_line' id='line_1_7' title="bbox 284 831 1351 916; baseline -0.002 -22"><span class='ocrx_word' id='word_1_49' title='bbox 284 847 403 895; x_wconf 85' lang='lat' dir='ltr'>tunatos</span> <span class='ocrx_word' id='word_1_50' title='bbox 424 853 474 896; x_wconf 85' lang='lat' dir='ltr'>eos</span> <span class='ocrx_word' id='word_1_51' title='bbox 497 832 630 894; x_wconf 85' lang='lat' dir='ltr'>homines</span> <span class='ocrx_word' id='word_1_52' title='bbox 650 831 823 916; x_wconf 87' lang='lat' dir='ltr'>judicarem,</span> <span class='ocrx_word' id='word_1_53' title='bbox 845 832 896 914; x_wconf 89' lang='lat' dir='ltr'>qui</span> <span class='ocrx_word' id='word_1_54' title='bbox 912 832 1016 894; x_wconf 88' lang='lat' dir='ltr'>remoti</span> <span class='ocrx_word' id='word_1_55' title='bbox 1032 833 1048 895; x_wconf 77' lang='lat' dir='ltr'>i</span> <span class='ocrx_word' id='word_1_56' title='bbox 1062 831 1178 894; x_wconf 77' lang='lat' dir='ltr'>studiis</span> <span class='ocrx_word' id='word_1_57' title='bbox 1198 831 1351 893; x_wconf 71' lang='lat' dir='ltr'>ambitionis</span> 
     </span>
     <span class='ocr_line' id='line_1_8' title="bbox 282 914 1351 1003; baseline -0.006 -19"><span class='ocrx_word' id='word_1_58' title='bbox 282 920 378 984; x_wconf 87' lang='lat' dir='ltr'>otium</span> <span class='ocrx_word' id='word_1_59' title='bbox 389 939 424 980; x_wconf 86' lang='lat' dir='ltr'>ac</span> <span class='ocrx_word' id='word_1_60' title='bbox 433 917 676 1003; x_wconf 81' lang='lat' dir='ltr'>tranquillitatem</span> <span class='ocrx_word' id='word_1_61' title='bbox 687 917 757 980; x_wconf 78' lang='lat' dir='ltr'>vita:</span> <span class='ocrx_word' id='word_1_62' title='bbox 769 917 859 980; x_wconf 90' lang='lat' dir='ltr'>secuti</span> <span class='ocrx_word' id='word_1_63' title='bbox 874 917 958 980; x_wconf 88' lang='lat' dir='ltr'>sunt:</span> <span class='ocrx_word' id='word_1_64' title='bbox 981 931 1050 980; x_wconf 89' lang='lat' dir='ltr'>tum</span> <span class='ocrx_word' id='word_1_65' title='bbox 1058 919 1179 980; x_wconf 86' lang='lat' dir='ltr'>veroin</span> <span class='ocrx_word' id='word_1_66' title='bbox 1194 919 1243 979; x_wconf 88' lang='lat' dir='ltr'>his</span> <span class='ocrx_word' id='word_1_67' title='bbox 1253 914 1291 978; x_wconf 89' lang='lat' dir='ltr'>L.</span> <span class='ocrx_word' id='word_1_68' title='bbox 1304 914 1351 978; x_wconf 88' lang='lat' dir='ltr'>Mu</span> 
     </span>
     <span class='ocr_line' id='line_1_9' title="bbox 284 1000 1351 1088; baseline -0.007 -19"><span class='ocrx_word' id='word_1_69' title='bbox 284 1025 374 1069; x_wconf 80' lang='lat' dir='ltr'>raenae</span> <span class='ocrx_word' id='word_1_70' title='bbox 389 1005 478 1068; x_wconf 82' lang='lat' dir='ltr'>tantis</span> <span class='ocrx_word' id='word_1_71' title='bbox 498 1019 618 1088; x_wconf 84' lang='lat' dir='ltr'>tamque</span> <span class='ocrx_word' id='word_1_72' title='bbox 640 1000 803 1084; x_wconf 77' lang='lat' dir='ltr'>improvisis</span> <span class='ocrx_word' id='word_1_73' title='bbox 817 1001 954 1084; x_wconf 88' lang='lat' dir='ltr'>periculis</span> <span class='ocrx_word' id='word_1_74' title='bbox 972 1003 1013 1066; x_wconf 86' lang='lat' dir='ltr'>ita</span> <span class='ocrx_word' id='word_1_75' title='bbox 1028 1004 1092 1065; x_wconf 89' lang='lat' dir='ltr'>sum</span> <span class='ocrx_word' id='word_1_76' title='bbox 1117 1004 1234 1066; x_wconf 89' lang='lat' dir='ltr'>animo</span> <span class='ocrx_word' id='word_1_77' title='bbox 1247 1000 1351 1064; x_wconf 73' lang='lat' dir='ltr'>affetu</span> 
     </span>
    </p>
   </div>
   <div class='ocr_carea' id='block_1_3' title="bbox 123 1084 1351 1174">
    <p class='ocr_par' dir='ltr' id='par_1_3' title="bbox 123 1084 1351 1174">
     <span class='ocr_line' id='line_1_10' title="bbox 123 1084 1351 1174; baseline -0.006 -19"><span class='ocrx_word' id='word_1_78' title='bbox 123 1121 129 1132; x_wconf 87' lang='lat'><strong>·</strong></span> <span class='ocrx_word' id='word_1_79' title='bbox 183 1151 186 1156; x_wconf 80' lang='grc'>,</span> <span class='ocrx_word' id='word_1_80' title='bbox 284 1105 319 1154; x_wconf 91' lang='lat' dir='ltr'>ut</span> <span class='ocrx_word' id='word_1_81' title='bbox 338 1111 400 1154; x_wconf 89' lang='lat' dir='ltr'>non</span> <span class='ocrx_word' id='word_1_82' title='bbox 413 1110 518 1174; x_wconf 86' lang='lat' dir='ltr'>queam</span> <span class='ocrx_word' id='word_1_83' title='bbox 534 1088 600 1152; x_wconf 85' lang='lat' dir='ltr'>satis</span> <span class='ocrx_word' id='word_1_84' title='bbox 620 1111 716 1172; x_wconf 89' lang='lat' dir='ltr'>neque</span> <span class='ocrx_word' id='word_1_85' title='bbox 733 1110 926 1151; x_wconf 86' lang='lat' dir='ltr'>communem</span> <span class='ocrx_word' id='word_1_86' title='bbox 950 1089 1085 1152; x_wconf 87' lang='lat' dir='ltr'>omnium</span> <span class='ocrx_word' id='word_1_87' title='bbox 1110 1089 1256 1155; x_wconf 78' lang='lat' dir='ltr'>nostsslns</span> <span class='ocrx_word' id='word_1_88' title='bbox 1279 1084 1351 1149; x_wconf 83' lang='lat' dir='ltr'>condi</span> 
     </span>
    </p>
   </div>
   <div class='ocr_carea' id='block_1_4' title="bbox 174 1170 1351 3241">
    <p class='ocr_par' dir='ltr' id='par_1_4' title="bbox 174 1170 1351 3241">
     <span class='ocr_line' id='line_1_11' title="bbox 241 1170 1351 1260; baseline -0.003 -21"><span class='ocrx_word' id='word_1_89' title='bbox 241 1179 409 1257; x_wconf 67' lang='lat' dir='ltr'>lstionem,</span> <span class='ocrx_word' id='word_1_90' title='bbox 434 1195 532 1257; x_wconf 85' lang='lat' dir='ltr'>neque</span> <span class='ocrx_word' id='word_1_91' title='bbox 555 1173 642 1260; x_wconf 74' lang='lat' dir='ltr'>hujus</span> <span class='ocrx_word' id='word_1_92' title='bbox 670 1189 810 1237; x_wconf 81' lang='lat' dir='ltr'>euentum</span> <span class='ocrx_word' id='word_1_93' title='bbox 824 1175 1034 1260; x_wconf 84' lang='lat' dir='ltr'>fortunamque</span> <span class='ocrx_word' id='word_1_94' title='bbox 1056 1173 1221 1251; x_wconf 59' lang='lat' dir='ltr'>miser-eth</span> <span class='ocrx_word' id='word_1_95' title='bbox 1245 1175 1296 1257; x_wconf 87' lang='lat' dir='ltr'>qui</span> <span class='ocrx_word' id='word_1_96' title='bbox 1318 1170 1351 1253; x_wconf 83' lang='lat' dir='ltr'>prs</span> 
     </span>
     <span class='ocr_line' id='line_1_12' title="bbox 283 1259 1351 1342; baseline -0.007 -15"><span class='ocrx_word' id='word_1_97' title='bbox 283 1283 369 1327; x_wconf 88' lang='lat' dir='ltr'>mum</span> <span class='ocrx_word' id='word_1_98' title='bbox 383 1261 454 1325; x_wconf 89' lang='lat' dir='ltr'>dum</span> <span class='ocrx_word' id='word_1_99' title='bbox 468 1281 506 1324; x_wconf 85' lang='lat' dir='ltr'>ex</span> <span class='ocrx_word' id='word_1_100' title='bbox 519 1261 681 1325; x_wconf 85' lang='lat' dir='ltr'>honoribus</span> <span class='ocrx_word' id='word_1_101' title='bbox 696 1260 845 1322; x_wconf 86' lang='lat' dir='ltr'>continuis</span> <span class='ocrx_word' id='word_1_102' title='bbox 858 1261 989 1336; x_wconf 78' lang='lat' dir='ltr'>familiae,</span> <span class='ocrx_word' id='word_1_103' title='bbox 1011 1262 1234 1342; x_wconf 87' lang='lat' dir='ltr'>ma&#39;orumque</span> <span class='ocrx_word' id='word_1_104' title='bbox 1252 1259 1351 1320; x_wconf 81' lang='lat' dir='ltr'>suorum</span> 
     </span>
     <span class='ocr_line' id='line_1_13' title="bbox 283 1283 1350 1432; baseline -0.008 -20"><span class='ocrx_word' id='word_1_105' title='bbox 283 1367 380 1412; x_wconf 89' lang='lat' dir='ltr'>unum</span> <span class='ocrx_word' id='word_1_106' title='bbox 403 1345 554 1410; x_wconf 88' lang='lat' dir='ltr'>ascendere</span> <span class='ocrx_word' id='word_1_107' title='bbox 573 1347 698 1432; x_wconf 80' lang='lat' dir='ltr'>gradum</span> <span class='ocrx_word' id='word_1_108' title='bbox 718 1345 869 1430; x_wconf 77' lang='lat' dir='ltr'>dignitatis</span> <span class='ocrx_word' id='word_1_109' title='bbox 891 1360 1016 1410; x_wconf 89' lang='lat' dir='ltr'>conatus</span> <span class='ocrx_word' id='word_1_110' title='bbox 1030 1283 1083 1423; x_wconf 83' lang='lat' dir='ltr'>esi,</span> <span class='ocrx_word' id='word_1_111' title='bbox 1107 1346 1247 1410; x_wconf 89' lang='lat' dir='ltr'>venitin</span> <span class='ocrx_word' id='word_1_112' title='bbox 1261 1346 1350 1426; x_wconf 86' lang='lat' dir='ltr'>pericu</span> 
     </span>
     <span class='ocr_line' id='line_1_14' title="bbox 282 1429 1351 1520; baseline -0.009 -21"><span class='ocrx_word' id='word_1_113' title='bbox 282 1435 360 1513; x_wconf 89' lang='lat' dir='ltr'>lum,</span> <span class='ocrx_word' id='word_1_114' title='bbox 383 1453 419 1498; x_wconf 89' lang='lat' dir='ltr'>ne</span> <span class='ocrx_word' id='word_1_115' title='bbox 433 1433 463 1497; x_wconf 74' lang='grc' dir='ltr'>δι</span> <span class='ocrx_word' id='word_1_116' title='bbox 476 1453 511 1495; x_wconf 87' lang='lat' dir='ltr'>ea</span> <span class='ocrx_word' id='word_1_117' title='bbox 526 1453 594 1520; x_wconf 67' lang='lat' dir='ltr'>que</span> <span class='ocrx_word' id='word_1_118' title='bbox 609 1429 720 1506; x_wconf 73' lang='lat' dir='ltr'>relisla,</span> <span class='ocrx_word' id='word_1_119' title='bbox 742 1430 772 1492; x_wconf 78' lang='grc' dir='ltr'>δι</span> <span class='ocrx_word' id='word_1_120' title='bbox 786 1433 851 1494; x_wconf 79' lang='lat' dir='ltr'>haec</span> <span class='ocrx_word' id='word_1_121' title='bbox 865 1454 934 1516; x_wconf 78' lang='lat' dir='ltr'>quae</span> <span class='ocrx_word' id='word_1_122' title='bbox 953 1433 991 1494; x_wconf 91' lang='lat' dir='ltr'>ab</span> <span class='ocrx_word' id='word_1_123' title='bbox 1012 1431 1072 1514; x_wconf 91' lang='lat' dir='ltr'>ipso</span> <span class='ocrx_word' id='word_1_124' title='bbox 1087 1447 1178 1514; x_wconf 86' lang='lat' dir='ltr'>parta</span> <span class='ocrx_word' id='word_1_125' title='bbox 1194 1433 1273 1507; x_wconf 74' lang='lat' dir='ltr'>fiunt,</span> <span class='ocrx_word' id='word_1_126' title='bbox 1288 1429 1351 1491; x_wconf 85' lang='lat' dir='ltr'>amir</span> 
     </span>
     <span class='ocr_line' id='line_1_15' title="bbox 209 1513 1351 1602; baseline -0.008 -17"><span class='ocrx_word' id='word_1_127' title='bbox 209 1521 212 1530; x_wconf 83' lang='lat'>&#39;</span> <span class='ocrx_word' id='word_1_128' title='bbox 283 1535 342 1584; x_wconf 81' lang='lat' dir='ltr'>tas:</span> <span class='ocrx_word' id='word_1_129' title='bbox 365 1518 468 1584; x_wconf 87' lang='lat' dir='ltr'>deinde</span> <span class='ocrx_word' id='word_1_130' title='bbox 493 1532 609 1602; x_wconf 89' lang='lat' dir='ltr'>propter</span> <span class='ocrx_word' id='word_1_131' title='bbox 628 1517 758 1582; x_wconf 80' lang='lat' dir='ltr'>studium·</span> <span class='ocrx_word' id='word_1_132' title='bbox 775 1537 861 1582; x_wconf 83' lang='lat' dir='ltr'>novae</span> <span class='ocrx_word' id='word_1_133' title='bbox 873 1518 978 1596; x_wconf 85' lang='lat' dir='ltr'>laudis,</span> <span class='ocrx_word' id='word_1_134' title='bbox 1000 1519 1031 1580; x_wconf 90' lang='lat' dir='ltr'>in</span> <span class='ocrx_word' id='word_1_135' title='bbox 1045 1519 1159 1586; x_wconf 81' lang='lat' dir='ltr'>veteris</span> <span class='ocrx_word' id='word_1_136' title='bbox 1174 1518 1302 1581; x_wconf 81' lang='lat' dir='ltr'>fortunae</span> <span class='ocrx_word' id='word_1_137' title='bbox 1316 1513 1351 1576; x_wconf 85' lang='lat' dir='ltr'>dis</span> 
     </span>
     <span class='ocr_line' id='line_1_16' title="bbox 239 1600 1351 1688; baseline -0.013 -15"><span class='ocrx_word' id='word_1_138' title='bbox 239 1601 399 1678; x_wconf 63' lang='lat' dir='ltr'>nocrimen</span> <span class='ocrx_word' id='word_1_139' title='bbox 423 1603 598 1682; x_wconf 81' lang='lat' dir='ltr'>adducitur3</span> <span class='ocrx_word' id='word_1_140' title='bbox 632 1624 701 1688; x_wconf 83' lang='lat' dir='ltr'>quae</span> <span class='ocrx_word' id='word_1_141' title='bbox 724 1623 794 1666; x_wconf 90' lang='lat' dir='ltr'>curn</span> <span class='ocrx_word' id='word_1_142' title='bbox 821 1604 887 1668; x_wconf 91' lang='lat' dir='ltr'>sunt</span> <span class='ocrx_word' id='word_1_143' title='bbox 901 1606 1013 1688; x_wconf 85' lang='lat' dir='ltr'>gravia,</span> <span class='ocrx_word' id='word_1_144' title='bbox 1041 1602 1186 1687; x_wconf 87' lang='lat' dir='ltr'>Judices,</span> <span class='ocrx_word' id='word_1_145' title='bbox 1213 1617 1278 1666; x_wconf 86' lang='lat' dir='ltr'>tuns</span> <span class='ocrx_word' id='word_1_146' title='bbox 1304 1600 1351 1661; x_wconf 85' lang='lat' dir='ltr'>illu</span> 
     </span>
     <span class='ocr_line' id='line_1_17' title="bbox 277 1685 1351 1775; baseline -0.013 -17"><span class='ocrx_word' id='word_1_147' title='bbox 277 1691 497 1764; x_wconf 70' lang='lat' dir='ltr'>„acerbiffimurn</span> <span class='ocrx_word' id='word_1_148' title='bbox 507 1688 561 1766; x_wconf 81' lang='lat' dir='ltr'>est,</span> <span class='ocrx_word' id='word_1_149' title='bbox 574 1691 657 1775; x_wconf 85' lang='lat' dir='ltr'>quod</span> <span class='ocrx_word' id='word_1_150' title='bbox 671 1687 759 1752; x_wconf 87' lang='lat' dir='ltr'>habet</span> <span class='ocrx_word' id='word_1_151' title='bbox 771 1711 822 1754; x_wconf 83' lang='lat' dir='ltr'>eos</span> <span class='ocrx_word' id='word_1_152' title='bbox 837 1690 1030 1766; x_wconf 72' lang='lat' dir='ltr'>accusatores,</span> <span class='ocrx_word' id='word_1_153' title='bbox 1044 1712 1105 1755; x_wconf 93' lang='lat' dir='ltr'>non</span> <span class='ocrx_word' id='word_1_154' title='bbox 1121 1692 1182 1774; x_wconf 88' lang='lat' dir='ltr'>qui</span> <span class='ocrx_word' id='word_1_155' title='bbox 1193 1690 1266 1754; x_wconf 88' lang='lat' dir='ltr'>odio</span> <span class='ocrx_word' id='word_1_156' title='bbox 1274 1685 1351 1749; x_wconf 74' lang='lat' dir='ltr'>inimi«</span> 
     </span>
     <span class='ocr_line' id='line_1_18' title="bbox 174 1771 1351 1862; baseline -0.008 -19"><span class='ocrx_word' id='word_1_157' title='bbox 174 1811 177 1819; x_wconf 94' lang='lat'>·</span> <span class='ocrx_word' id='word_1_158' title='bbox 282 1780 421 1842; x_wconf 84' lang='lat' dir='ltr'>citiarum</span> <span class='ocrx_word' id='word_1_159' title='bbox 443 1777 479 1840; x_wconf 89' lang='lat' dir='ltr'>ad</span> <span class='ocrx_word' id='word_1_160' title='bbox 493 1775 702 1852; x_wconf 85' lang='lat' dir='ltr'>accusandum,</span> <span class='ocrx_word' id='word_1_161' title='bbox 723 1773 772 1838; x_wconf 88' lang='lat' dir='ltr'>sed</span> <span class='ocrx_word' id='word_1_162' title='bbox 788 1776 841 1862; x_wconf 80' lang='lat' dir='ltr'>qui</span> <span class='ocrx_word' id='word_1_163' title='bbox 859 1775 956 1840; x_wconf 86' lang='lat' dir='ltr'>studio</span> <span class='ocrx_word' id='word_1_164' title='bbox 972 1777 1130 1842; x_wconf 86' lang='lat' dir='ltr'>accusandi</span> <span class='ocrx_word' id='word_1_165' title='bbox 1146 1777 1185 1839; x_wconf 89' lang='lat' dir='ltr'>ad</span> <span class='ocrx_word' id='word_1_166' title='bbox 1208 1771 1351 1839; x_wconf 75' lang='lat' dir='ltr'>inimicitia</span> 
     </span>
     <span class='ocr_line' id='line_1_19' title="bbox 281 1853 1351 1948; baseline -0.007 -20"><span class='ocrx_word' id='word_1_167' title='bbox 281 1864 496 1928; x_wconf 82' lang='lat' dir='ltr'>descenderent.</span> <span class='ocrx_word' id='word_1_168' title='bbox 513 1893 516 1907; x_wconf 93' lang='lat'><em>·</em></span> <span class='ocrx_word' id='word_1_169' title='bbox 540 1861 624 1929; x_wconf 87' lang='lat' dir='ltr'>Nam</span> <span class='ocrx_word' id='word_1_170' title='bbox 639 1875 674 1924; x_wconf 91' lang='lat' dir='ltr'>ut</span> <span class='ocrx_word' id='word_1_171' title='bbox 687 1853 825 1926; x_wconf 85' lang='lat' dir='ltr'>omittam</span> <span class='ocrx_word' id='word_1_172' title='bbox 840 1859 902 1925; x_wconf 87' lang='lat' dir='ltr'>Ser.</span> <span class='ocrx_word' id='word_1_173' title='bbox 919 1861 1095 1946; x_wconf 84' lang='lat' dir='ltr'>Sulpicium,</span> <span class='ocrx_word' id='word_1_174' title='bbox 1118 1885 1220 1948; x_wconf 87' lang='lat' dir='ltr'>quem</span> <span class='ocrx_word' id='word_1_175' title='bbox 1244 1856 1351 1938; x_wconf 70' lang='lat' dir='ltr'>ineffigc</span> 
     </span>
     <span class='ocr_line' id='line_1_20' title="bbox 283 1945 1351 2036; baseline -0.011 -20"><span class='ocrx_word' id='word_1_176' title='bbox 283 1971 344 2018; x_wconf 88' lang='lat' dir='ltr'>non</span> <span class='ocrx_word' id='word_1_177' title='bbox 369 1951 476 2036; x_wconf 88' lang='lat' dir='ltr'>injuria</span> <span class='ocrx_word' id='word_1_178' title='bbox 498 1946 536 2014; x_wconf 91' lang='lat' dir='ltr'>L.</span> <span class='ocrx_word' id='word_1_179' title='bbox 566 1945 727 2024; x_wconf 85' lang='lat' dir='ltr'>Muraenae,</span> <span class='ocrx_word' id='word_1_180' title='bbox 750 1947 795 2012; x_wconf 84' lang='lat' dir='ltr'>sod</span> <span class='ocrx_word' id='word_1_181' title='bbox 818 1948 937 2012; x_wconf 86' lang='lat' dir='ltr'>honoris</span> <span class='ocrx_word' id='word_1_182' title='bbox 962 1952 1156 2015; x_wconf 84' lang='lat' dir='ltr'>contentione</span> <span class='ocrx_word' id='word_1_183' title='bbox 1184 1960 1351 2032; x_wconf 61' lang='lat' dir='ltr'>permotum}</span> 
     </span>
     <span class='ocr_line' id='line_1_21' title="bbox 236 2027 1351 2120; baseline -0.01 -15"><span class='ocrx_word' id='word_1_184' title='bbox 236 2035 397 2120; x_wconf 59' lang='lat' dir='ltr'>:saecular</span> <span class='ocrx_word' id='word_1_185' title='bbox 411 2047 547 2118; x_wconf 74' lang='lat' dir='ltr'>patemus</span> <span class='ocrx_word' id='word_1_186' title='bbox 561 2029 690 2110; x_wconf 89' lang='lat' dir='ltr'>amicus,</span> <span class='ocrx_word' id='word_1_187' title='bbox 713 2033 775 2098; x_wconf 88' lang='lat' dir='ltr'>Cn.</span> <span class='ocrx_word' id='word_1_188' title='bbox 791 2032 992 2111; x_wconf 84' lang='lat' dir='ltr'>Posthumius,</span> <span class='ocrx_word' id='word_1_189' title='bbox 1014 2051 1111 2110; x_wconf 82' lang='lat' dir='ltr'>vetus,</span> <span class='ocrx_word' id='word_1_190' title='bbox 1136 2051 1175 2097; x_wconf 91' lang='lat' dir='ltr'>ut</span> <span class='ocrx_word' id='word_1_191' title='bbox 1189 2034 1234 2097; x_wconf 86' lang='lat' dir='ltr'>ait</span> <span class='ocrx_word' id='word_1_192' title='bbox 1247 2030 1307 2114; x_wconf 75' lang='lat' dir='ltr'>ips,</span> <span class='ocrx_word' id='word_1_193' title='bbox 1321 2027 1351 2089; x_wconf 76' lang='lat' dir='ltr'>ri·</span> 
     </span>
     <span class='ocr_line' id='line_1_22' title="bbox 282 2118 1351 2203; baseline -0.007 -17"><span class='ocrx_word' id='word_1_194' title='bbox 282 2123 368 2186; x_wconf 87' lang='lat' dir='ltr'>cinus</span> <span class='ocrx_word' id='word_1_195' title='bbox 379 2143 416 2185; x_wconf 90' lang='lat' dir='ltr'>ac</span> <span class='ocrx_word' id='word_1_196' title='bbox 437 2118 621 2196; x_wconf 79' lang='lat' dir='ltr'>necessarius,</span> <span class='ocrx_word' id='word_1_197' title='bbox 643 2121 694 2202; x_wconf 89' lang='lat' dir='ltr'>qui</span> <span class='ocrx_word' id='word_1_198' title='bbox 716 2119 934 2185; x_wconf 77' lang='lat' dir='ltr'>necessitudinis</span> <span class='ocrx_word' id='word_1_199' title='bbox 954 2120 1054 2183; x_wconf 80' lang='lat' dir='ltr'>causas</span> <span class='ocrx_word' id='word_1_200' title='bbox 1073 2119 1250 2203; x_wconf 84' lang='lat' dir='ltr'>complures</span> <span class='ocrx_word' id='word_1_201' title='bbox 1270 2129 1351 2198; x_wconf 73' lang='lat' dir='ltr'>prosu«</span> 
     </span>
     <span class='ocr_line' id='line_1_23' title="bbox 282 2195 1351 2288; baseline -0.009 -16"><span class='ocrx_word' id='word_1_202' title='bbox 282 2208 330 2285; x_wconf 90' lang='lat' dir='ltr'>lit,</span> <span class='ocrx_word' id='word_1_203' title='bbox 350 2205 530 2272; x_wconf 77' lang='lat' dir='ltr'>‘simultatis</span> <span class='ocrx_word' id='word_1_204' title='bbox 549 2206 661 2270; x_wconf 89' lang='lat' dir='ltr'>nullam</span> <span class='ocrx_word' id='word_1_205' title='bbox 682 2223 916 2270; x_wconf 82' lang='lat' dir='ltr'>commemorare</span> <span class='ocrx_word' id='word_1_206' title='bbox 935 2208 1050 2288; x_wconf 88' lang='lat' dir='ltr'>potuit:</span> <span class='ocrx_word' id='word_1_207' title='bbox 1072 2207 1196 2271; x_wconf 86' lang='lat' dir='ltr'>accusat</span> <span class='ocrx_word' id='word_1_208' title='bbox 1219 2205 1279 2268; x_wconf 85' lang='lat' dir='ltr'>Ser.</span> <span class='ocrx_word' id='word_1_209' title='bbox 1301 2195 1351 2262; x_wconf 85' lang='lat' dir='ltr'>Sul·</span> 
     </span>
     <span class='ocr_line' id='line_1_24' title="bbox 282 2289 1351 2378; baseline -0.005 -22"><span class='ocrx_word' id='word_1_210' title='bbox 282 2293 390 2378; x_wconf 87' lang='lat' dir='ltr'>picius,</span> <span class='ocrx_word' id='word_1_211' title='bbox 413 2293 516 2356; x_wconf 87' lang='lat' dir='ltr'>sodalis</span> <span class='ocrx_word' id='word_1_212' title='bbox 537 2289 602 2369; x_wconf 88' lang='lat' dir='ltr'>filii,</span> <span class='ocrx_word' id='word_1_213' title='bbox 625 2293 710 2378; x_wconf 88' lang='lat' dir='ltr'>cujus</span> <span class='ocrx_word' id='word_1_214' title='bbox 731 2293 851 2378; x_wconf 85' lang='lat' dir='ltr'>ingenio</span> <span class='ocrx_word' id='word_1_215' title='bbox 872 2294 984 2374; x_wconf 85' lang='lat' dir='ltr'>paterni</span> <span class='ocrx_word' id='word_1_216' title='bbox 998 2313 1102 2357; x_wconf 84' lang='lat' dir='ltr'>omnes</span> <span class='ocrx_word' id='word_1_217' title='bbox 1124 2290 1277 2356; x_wconf 80' lang='lat' dir='ltr'>neceffan&#39;i</span> <span class='ocrx_word' id='word_1_218' title='bbox 1297 2306 1351 2348; x_wconf 85' lang='lat' dir='ltr'>mu·</span> 
     </span>
     <span class='ocr_line' id='line_1_25' title="bbox 280 2368 1351 2464; baseline -0.009 -18"><span class='ocrx_word' id='word_1_219' title='bbox 280 2379 405 2446; x_wconf 74' lang='lat' dir='ltr'>tritiores</span> <span class='ocrx_word' id='word_1_220' title='bbox 418 2375 474 2445; x_wconf 83' lang='lat' dir='ltr'>effe</span> <span class='ocrx_word' id='word_1_221' title='bbox 487 2376 651 2443; x_wconf 88' lang='lat' dir='ltr'>debebant:</span> <span class='ocrx_word' id='word_1_222' title='bbox 674 2375 791 2442; x_wconf 88' lang='lat' dir='ltr'>accusat</span> <span class='ocrx_word' id='word_1_223' title='bbox 805 2375 855 2443; x_wconf 86' lang='lat' dir='ltr'>M.</span> <span class='ocrx_word' id='word_1_224' title='bbox 871 2376 961 2459; x_wconf 77' lang='lat' dir='ltr'>Cato,</span> <span class='ocrx_word' id='word_1_225' title='bbox 982 2379 1035 2464; x_wconf 89' lang='lat' dir='ltr'>qui</span> <span class='ocrx_word' id='word_1_226' title='bbox 1055 2401 1237 2463; x_wconf 86' lang='lat' dir='ltr'>quanquam</span> <span class='ocrx_word' id='word_1_227' title='bbox 1257 2373 1274 2439; x_wconf 82' lang='lat' dir='ltr'>is</span> <span class='ocrx_word' id='word_1_228' title='bbox 1293 2368 1351 2436; x_wconf 80' lang='lat' dir='ltr'>Mu·</span> 
     </span>
     <span class='ocr_line' id='line_1_26' title="bbox 238 2455 1351 2556; baseline -0.008 -25"><span class='ocrx_word' id='word_1_229' title='bbox 238 2488 365 2556; x_wconf 83' lang='lat' dir='ltr'>30raena</span> <span class='ocrx_word' id='word_1_230' title='bbox 378 2466 459 2530; x_wconf 92' lang='lat' dir='ltr'>nulla</span> <span class='ocrx_word' id='word_1_231' title='bbox 481 2486 512 2528; x_wconf 90' lang='lat' dir='ltr'>re</span> <span class='ocrx_word' id='word_1_232' title='bbox 525 2484 660 2546; x_wconf 89' lang='lat' dir='ltr'>unquam</span> <span class='ocrx_word' id='word_1_233' title='bbox 685 2463 797 2528; x_wconf 90' lang='lat' dir='ltr'>alienus</span> <span class='ocrx_word' id='word_1_234' title='bbox 818 2464 887 2543; x_wconf 90' lang='lat' dir='ltr'>suit,</span> <span class='ocrx_word' id='word_1_235' title='bbox 908 2479 1009 2528; x_wconf 86' lang='lat' dir='ltr'>tamen</span> <span class='ocrx_word' id='word_1_236' title='bbox 1029 2486 1065 2527; x_wconf 86' lang='lat' dir='ltr'>ea</span> <span class='ocrx_word' id='word_1_237' title='bbox 1078 2466 1261 2529; x_wconf 73' lang='lat' dir='ltr'>&#39;conditione</span> <span class='ocrx_word' id='word_1_238' title='bbox 1284 2455 1351 2522; x_wconf 71' lang='lat' dir='ltr'>nobil</span> 
     </span>
     <span class='ocr_line' id='line_1_27' title="bbox 282 2539 1351 2639; baseline -0.013 -22"><span class='ocrx_word' id='word_1_239' title='bbox 282 2568 345 2617; x_wconf 83' lang='lat' dir='ltr'>erat</span> <span class='ocrx_word' id='word_1_240' title='bbox 359 2553 390 2617; x_wconf 90' lang='lat' dir='ltr'>in</span> <span class='ocrx_word' id='word_1_241' title='bbox 405 2552 460 2617; x_wconf 89' lang='lat' dir='ltr'>hac</span> <span class='ocrx_word' id='word_1_242' title='bbox 470 2550 590 2615; x_wconf 83' lang='lat' dir='ltr'>civitate</span> <span class='ocrx_word' id='word_1_243' title='bbox 603 2565 701 2626; x_wconf 88' lang='lat' dir='ltr'>natus,</span> <span class='ocrx_word' id='word_1_244' title='bbox 721 2565 756 2612; x_wconf 94' lang='lat' dir='ltr'>ut</span> <span class='ocrx_word' id='word_1_245' title='bbox 768 2551 832 2639; x_wconf 87' lang='lat' dir='ltr'>ejus</span> <span class='ocrx_word' id='word_1_246' title='bbox 843 2569 914 2633; x_wconf 86' lang='lat' dir='ltr'>opes</span> <span class='ocrx_word' id='word_1_247' title='bbox 928 2551 1125 2637; x_wconf 81' lang='lat' dir='ltr'>&amp;ingenium</span> <span class='ocrx_word' id='word_1_248' title='bbox 1139 2550 1276 2635; x_wconf 82' lang='lat' dir='ltr'>praesrdio</span> <span class='ocrx_word' id='word_1_249' title='bbox 1287 2539 1351 2607; x_wconf 73' lang='lat' dir='ltr'>mub</span> 
     </span>
     <span class='ocr_line' id='line_1_28' title="bbox 284 2632 1350 2721; baseline -0.01 -18"><span class='ocrx_word' id='word_1_250' title='bbox 284 2640 322 2703; x_wconf 87' lang='lat' dir='ltr'>tis</span> <span class='ocrx_word' id='word_1_251' title='bbox 345 2639 436 2703; x_wconf 89' lang='lat' dir='ltr'>etiam</span> <span class='ocrx_word' id='word_1_252' title='bbox 458 2636 646 2714; x_wconf 83' lang='lat' dir='ltr'>alienissimis,</span> <span class='ocrx_word' id='word_1_253' title='bbox 668 2636 760 2699; x_wconf 83' lang='lat' dir='ltr'>exitio</span> <span class='ocrx_word' id='word_1_254' title='bbox 781 2637 832 2700; x_wconf 87' lang='lat' dir='ltr'>vix</span> <span class='ocrx_word' id='word_1_255' title='bbox 853 2636 996 2721; x_wconf 87' lang='lat' dir='ltr'>cuiquam</span> <span class='ocrx_word' id='word_1_256' title='bbox 1019 2638 1143 2701; x_wconf 87' lang='lat' dir='ltr'>inimico</span> <span class='ocrx_word' id='word_1_257' title='bbox 1164 2636 1224 2700; x_wconf 88' lang='lat' dir='ltr'>esl&#39;e</span> <span class='ocrx_word' id='word_1_258' title='bbox 1237 2632 1350 2703; x_wconf 76' lang='lat' dir='ltr'>¹deberet-</span> 
     </span>
     <span class='ocr_line' id='line_1_29' title="bbox 283 2712 1351 2809; baseline -0.006 -22"><span class='ocrx_word' id='word_1_259' title='bbox 283 2723 477 2806; x_wconf 86' lang='lat' dir='ltr'>Respondebo</span> <span class='ocrx_word' id='word_1_260' title='bbox 501 2724 591 2807; x_wconf 85' lang='lat' dir='ltr'>igitur</span> <span class='ocrx_word' id='word_1_261' title='bbox 615 2720 788 2789; x_wconf 89' lang='lat' dir='ltr'>Posthumio</span> <span class='ocrx_word' id='word_1_262' title='bbox 814 2721 957 2805; x_wconf 72' lang='lat' dir='ltr'>primiani,</span> <span class='ocrx_word' id='word_1_263' title='bbox 987 2723 1039 2807; x_wconf 91' lang='lat' dir='ltr'>qui</span> <span class='ocrx_word' id='word_1_264' title='bbox 1067 2723 1164 2789; x_wconf 91' lang='lat' dir='ltr'>nescio</span> <span class='ocrx_word' id='word_1_265' title='bbox 1193 2742 1260 2809; x_wconf 90' lang='lat' dir='ltr'>quo</span> <span class='ocrx_word' id='word_1_266' title='bbox 1282 2712 1351 2799; x_wconf 66' lang='lat' dir='ltr'>paslss</span> 
     </span>
     <span class='ocr_line' id='line_1_30' title="bbox 285 2800 1351 2895; baseline -0.008 -21"><span class='ocrx_word' id='word_1_267' title='bbox 285 2810 358 2875; x_wconf 85' lang='lat' dir='ltr'>mibi</span> <span class='ocrx_word' id='word_1_268' title='bbox 373 2808 488 2874; x_wconf 86' lang='lat' dir='ltr'>videtur</span> <span class='ocrx_word' id='word_1_269' title='bbox 508 2810 661 2891; x_wconf 84' lang='lat' dir='ltr'>praetorius</span> <span class='ocrx_word' id='word_1_270' title='bbox 684 2807 857 2871; x_wconf 84' lang='lat' dir='ltr'>candidatus</span> <span class='ocrx_word' id='word_1_271' title='bbox 878 2807 910 2872; x_wconf 91' lang='lat' dir='ltr'>in</span> <span class='ocrx_word' id='word_1_272' title='bbox 929 2808 1123 2887; x_wconf 88' lang='lat' dir='ltr'>consularem,</span> <span class='ocrx_word' id='word_1_273' title='bbox 1146 2806 1231 2895; x_wconf 84' lang='lat' dir='ltr'>quast</span> <span class='ocrx_word' id='word_1_274' title='bbox 1244 2800 1351 2867; x_wconf 81' lang='lat' dir='ltr'>desulto-</span> 
     </span>
     <span class='ocr_line' id='line_1_31' title="bbox 238 2890 1351 3065; baseline -0.008 -20"><span class='ocrx_word' id='word_1_275' title='bbox 238 2892 620 3065; x_wconf 54' lang='lat' dir='ltr'>”lllllslsssll</span> <span class='ocrx_word' id='word_1_276' title='bbox 639 2890 1351 3064; x_wconf 55' lang='lat' dir='ltr'>‘i&#39;g&#39;iiiimsssi‘llloefficsjiifflssffi</span> 
     </span>
     <span class='ocr_line' id='line_1_32' title="bbox 621 3024 632 3056; baseline 0 0"><span class='ocrx_word' id='word_1_277' title='bbox 621 3024 632 3056; x_wconf 70' lang='lat'>2</span> 
     </span>
     <span class='ocr_line' id='line_1_33' title="bbox 282 3058 1350 3151; baseline -0.007 -19"><span class='ocrx_word' id='word_1_278' title='bbox 282 3066 372 3132; x_wconf 86' lang='lat' dir='ltr'>slitit:</span> <span class='ocrx_word' id='word_1_279' title='bbox 394 3064 437 3133; x_wconf 87' lang='lat' dir='ltr'>sm</span> <span class='ocrx_word' id='word_1_280' title='bbox 461 3080 561 3129; x_wconf 88' lang='lat' dir='ltr'>autern</span> <span class='ocrx_word' id='word_1_281' title='bbox 587 3086 689 3129; x_wconf 90' lang='lat' dir='ltr'>eorum</span> <span class='ocrx_word' id='word_1_282' title='bbox 714 3066 818 3150; x_wconf 87' lang='lat' dir='ltr'>aliquis</span> <span class='ocrx_word' id='word_1_283' title='bbox 837 3066 959 3151; x_wconf 85' lang='lat' dir='ltr'>largitus</span> <span class='ocrx_word' id='word_1_284' title='bbox 972 3065 1027 3145; x_wconf 86' lang='lat' dir='ltr'>est,</span> <span class='ocrx_word' id='word_1_285' title='bbox 1050 3067 1230 3151; x_wconf 85' lang='lat' dir='ltr'>expetendus</span> <span class='ocrx_word' id='word_1_286' title='bbox 1254 3058 1350 3125; x_wconf 67' lang='lat' dir='ltr'>amitus</span> 
     </span>
     <span class='ocr_line' id='line_1_34' title="bbox 195 3150 1234 3241; baseline -0.002 -22"><span class='ocrx_word' id='word_1_287' title='bbox 195 3210 203 3231; x_wconf 78' lang='grc'><strong>,</strong></span> <span class='ocrx_word' id='word_1_288' title='bbox 282 3152 339 3234; x_wconf 82' lang='lat' dir='ltr'>est,</span> <span class='ocrx_word' id='word_1_289' title='bbox 353 3153 405 3241; x_wconf 88' lang='lat' dir='ltr'>qui</span> <span class='ocrx_word' id='word_1_290' title='bbox 419 3150 545 3218; x_wconf 80' lang='lat' dir='ltr'>alierum</span> <span class='ocrx_word' id='word_1_291' title='bbox 560 3152 657 3235; x_wconf 84' lang='lat' dir='ltr'>potius</span> <span class='ocrx_word' id='word_1_292' title='bbox 672 3152 821 3241; x_wconf 86' lang='lat' dir='ltr'>injurians,</span> <span class='ocrx_word' id='word_1_293' title='bbox 834 3174 928 3237; x_wconf 84' lang='lat' dir='ltr'>quam</span> <span class='ocrx_word' id='word_1_294' title='bbox 941 3153 1021 3217; x_wconf 84' lang='lat' dir='ltr'>suam</span> <span class='ocrx_word' id='word_1_295' title='bbox 1035 3154 1234 3239; x_wconf 82' lang='lat' dir='ltr'>persequatur.</span> 
     </span>
    </p>
   </div>
   <div class='ocr_carea' id='block_1_5' title="bbox 449 3334 1201 3414">
    <p class='ocr_par' dir='ltr' id='par_1_5' title="bbox 449 3334 1201 3414">
     <span class='ocr_line' id='line_1_35' title="bbox 449 3334 1201 3414; baseline 0.005 -21"><span class='ocrx_word' id='word_1_296' title='bbox 449 3336 632 3398; x_wconf 66' lang='lat' dir='ltr'>tisinictaeiae.</span> <span class='ocrx_word' id='word_1_297' title='bbox 788 3336 1045 3414; x_wconf 56' lang='lat' dir='ltr'>‘mamystam</span> <span class='ocrx_word' id='word_1_298' title='bbox 1056 3334 1201 3397; x_wconf 82' lang='lat' dir='ltr'>ambitum.</span> 
     </span>
    </p>
   </div>
   <div class='ocr_carea' id='block_1_6' title="bbox 273 3547 1347 4401">
    <p class='ocr_par' dir='ltr' id='par_1_6' title="bbox 273 3547 1347 4146">
     <span class='ocr_line' id='line_1_36' title="bbox 273 3547 1347 3628; baseline 0.007 -21"><span class='ocrx_word' id='word_1_299' title='bbox 273 3560 323 3616; x_wconf 60' lang='lat' dir='ltr'>selle</span> <span class='ocrx_word' id='word_1_300' title='bbox 349 3559 445 3610; x_wconf 85' lang='lat' dir='ltr'>dlcelsat.</span> <span class='ocrx_word' id='word_1_301' title='bbox 476 3560 540 3610; x_wconf 80' lang='lat' dir='ltr'>Nota</span> <span class='ocrx_word' id='word_1_302' title='bbox 560 3572 646 3619; x_wconf 83' lang='lat' dir='ltr'>autem,</span> <span class='ocrx_word' id='word_1_303' title='bbox 672 3564 730 3624; x_wconf 89' lang='lat' dir='ltr'>quod</span> <span class='ocrx_word' id='word_1_304' title='bbox 759 3564 808 3612; x_wconf 75' lang='lat' dir='ltr'>Ser.</span> <span class='ocrx_word' id='word_1_305' title='bbox 839 3556 1064 3627; x_wconf 79' lang='lat' dir='ltr'>quiinslioOrdssse</span> <span class='ocrx_word' id='word_1_306' title='bbox 1078 3564 1230 3628; x_wconf 73' lang='lat' dir='ltr'>sutCollegio</span> <span class='ocrx_word' id='word_1_307' title='bbox 1248 3547 1347 3620; x_wconf 58' lang='lat' dir='ltr'>mujundi</span> 
     </span>
     <span class='ocr_line' id='line_1_37' title="bbox 279 3625 1308 3689; baseline 0.01 -18"><span class='ocrx_word' id='word_1_308' title='bbox 279 3625 369 3674; x_wconf 81' lang='lat' dir='ltr'>Tullius</span> <span class='ocrx_word' id='word_1_309' title='bbox 388 3641 480 3675; x_wconf 84' lang='lat' dir='ltr'>omnem</span> <span class='ocrx_word' id='word_1_310' title='bbox 502 3630 608 3689; x_wconf 85' lang='lat' dir='ltr'>populum</span> <span class='ocrx_word' id='word_1_311' title='bbox 633 3626 705 3674; x_wconf 88' lang='lat' dir='ltr'>Rom.</span> <span class='ocrx_word' id='word_1_312' title='bbox 726 3628 751 3675; x_wconf 86' lang='lat' dir='ltr'>in</span> <span class='ocrx_word' id='word_1_313' title='bbox 770 3630 808 3677; x_wconf 82' lang='lat' dir='ltr'>sea</span> <span class='ocrx_word' id='word_1_314' title='bbox 839 3632 907 3678; x_wconf 77' lang='lat' dir='ltr'>sunta</span> <span class='ocrx_word' id='word_1_315' title='bbox 926 3629 1161 3689; x_wconf 71' lang='lat' dir='ltr'>undesssodslitstea‚</span> <span class='ocrx_word' id='word_1_316' title='bbox 1176 3627 1308 3680; x_wconf 51' lang='lat' dir='ltr'>aseddim·</span> 
     </span>
     <span class='ocr_line' id='line_1_38' title="bbox 279 3686 1346 3762; baseline -0.004 -26"><span class='ocrx_word' id='word_1_317' title='bbox 279 3690 352 3737; x_wconf 81' lang='lat' dir='ltr'>elssles</span> <span class='ocrx_word' id='word_1_318' title='bbox 374 3692 499 3753; x_wconf 66' lang='lat' dir='ltr'>distribuqu</span> <span class='ocrx_word' id='word_1_319' title='bbox 521 3693 597 3739; x_wconf 76' lang='lat' dir='ltr'>tlsffss</span> <span class='ocrx_word' id='word_1_320' title='bbox 621 3703 695 3737; x_wconf 83' lang='lat' dir='ltr'>sutem</span> <span class='ocrx_word' id='word_1_321' title='bbox 711 3692 736 3739; x_wconf 89' lang='lat' dir='ltr'>in</span> <span class='ocrx_word' id='word_1_322' title='bbox 752 3708 809 3741; x_wconf 88' lang='lat' dir='ltr'>cess·</span> <span class='ocrx_word' id='word_1_323' title='bbox 875 3709 914 3759; x_wconf 68' lang='lat'>34.</span> <span class='ocrx_word' id='word_1_324' title='bbox 931 3696 1087 3762; x_wconf 62' lang='lat' dir='ltr'>vestimus]</span> <span class='ocrx_word' id='word_1_325' title='bbox 1114 3696 1250 3745; x_wconf 83' lang='lat' dir='ltr'>Desuluosius</span> <span class='ocrx_word' id='word_1_326' title='bbox 1272 3686 1346 3755; x_wconf 64' lang='lat' dir='ltr'>dicitu.</span> 
     </span>
     <span class='ocr_line' id='line_1_39' title="bbox 278 3755 1346 3823; baseline 0.012 -22"><span class='ocrx_word' id='word_1_327' title='bbox 278 3764 331 3807; x_wconf 79' lang='lat' dir='ltr'>tons</span> <span class='ocrx_word' id='word_1_328' title='bbox 341 3765 384 3802; x_wconf 82' lang='lat' dir='ltr'>tres</span> <span class='ocrx_word' id='word_1_329' title='bbox 394 3771 419 3803; x_wconf 84' lang='lat' dir='ltr'>ac</span> <span class='ocrx_word' id='word_1_330' title='bbox 430 3755 551 3817; x_wconf 69' lang='lat' dir='ltr'>nonaginta</span> <span class='ocrx_word' id='word_1_331' title='bbox 561 3758 681 3805; x_wconf 81' lang='lat' dir='ltr'>centurias.</span> <span class='ocrx_word' id='word_1_332' title='bbox 714 3756 742 3804; x_wconf 90' lang='lat' dir='ltr'>ln</span> <span class='ocrx_word' id='word_1_333' title='bbox 753 3759 809 3805; x_wconf 75' lang='lat' dir='ltr'>clas·</span> <span class='ocrx_word' id='word_1_334' title='bbox 840 3760 877 3822; x_wconf 86' lang='lat' dir='ltr'>qui</span> <span class='ocrx_word' id='word_1_335' title='bbox 888 3775 916 3807; x_wconf 87' lang='lat' dir='ltr'>ne</span> <span class='ocrx_word' id='word_1_336' title='bbox 925 3760 1012 3809; x_wconf 79' lang='lat' dir='ltr'>cussum</span> <span class='ocrx_word' id='word_1_337' title='bbox 1020 3761 1176 3823; x_wconf 78' lang='lat' dir='ltr'>interrumpat,</span> <span class='ocrx_word' id='word_1_338' title='bbox 1184 3764 1212 3809; x_wconf 81' lang='lat' dir='ltr'>ab</span> <span class='ocrx_word' id='word_1_339' title='bbox 1221 3772 1266 3806; x_wconf 72' lang='grc' dir='ltr'>ιω</span> <span class='ocrx_word' id='word_1_340' title='bbox 1272 3764 1320 3813; x_wconf 59' lang='grc' dir='ltr'>«1ΰο</span> <span class='ocrx_word' id='word_1_341' title='bbox 1327 3758 1346 3790; x_wconf 77' lang='lat'>¹⁸</span> 
     </span>
     <span class='ocr_line' id='line_1_40' title="bbox 278 3818 1345 3889; baseline 0.011 -24"><span class='ocrx_word' id='word_1_342' title='bbox 278 3818 338 3866; x_wconf 62' lang='lat' dir='ltr'>Rbus</span> <span class='ocrx_word' id='word_1_343' title='bbox 353 3830 428 3866; x_wconf 78' lang='lat' dir='ltr'>sutem</span> <span class='ocrx_word' id='word_1_344' title='bbox 444 3825 465 3868; x_wconf 72' lang='lat' dir='ltr'>ds</span> <span class='ocrx_word' id='word_1_345' title='bbox 481 3822 589 3869; x_wconf 76' lang='lat' dir='ltr'>centuriis</span> <span class='ocrx_word' id='word_1_346' title='bbox 599 3820 744 3869; x_wconf 83' lang='lat' dir='ltr'>describendis</span> <span class='ocrx_word' id='word_1_347' title='bbox 754 3838 807 3870; x_wconf 87' lang='lat' dir='ltr'>cen·</span> <span class='ocrx_word' id='word_1_348' title='bbox 840 3825 908 3873; x_wconf 81' lang='lat' dir='ltr'>alium</span> <span class='ocrx_word' id='word_1_349' title='bbox 920 3825 1001 3885; x_wconf 67' lang='lat' dir='ltr'>infitiq</span> <span class='ocrx_word' id='word_1_350' title='bbox 1018 3826 1062 3873; x_wconf 74' lang='lat' dir='ltr'>stre</span> <span class='ocrx_word' id='word_1_351' title='bbox 1071 3826 1119 3889; x_wconf 86' lang='lat' dir='ltr'>qui,</span> <span class='ocrx_word' id='word_1_352' title='bbox 1130 3828 1207 3875; x_wconf 65' lang='lat' dir='ltr'>stlido</span> <span class='ocrx_word' id='word_1_353' title='bbox 1216 3818 1298 3886; x_wconf 62' lang='lat' dir='ltr'>eqssffis</span> <span class='ocrx_word' id='word_1_354' title='bbox 1306 3824 1345 3858; x_wconf 55' lang='grc' dir='ltr'>Μ’</span> 
     </span>
     <span class='ocr_line' id='line_1_41' title="bbox 279 3884 1344 3947; baseline 0.008 -18"><span class='ocrx_word' id='word_1_355' title='bbox 279 3884 329 3933; x_wconf 86' lang='lat' dir='ltr'>sum</span> <span class='ocrx_word' id='word_1_356' title='bbox 336 3884 422 3931; x_wconf 84' lang='lat' dir='ltr'>securus</span> <span class='ocrx_word' id='word_1_357' title='bbox 429 3886 474 3946; x_wconf 78' lang='lat' dir='ltr'>esl3</span> <span class='ocrx_word' id='word_1_358' title='bbox 491 3887 539 3947; x_wconf 84' lang='lat' dir='ltr'>qul,</span> <span class='ocrx_word' id='word_1_359' title='bbox 551 3886 610 3934; x_wconf 83' lang='lat' dir='ltr'>usin</span> <span class='ocrx_word' id='word_1_360' title='bbox 620 3898 706 3947; x_wconf 85' lang='lat' dir='ltr'>quoque</span> <span class='ocrx_word' id='word_1_361' title='bbox 715 3888 809 3936; x_wconf 70' lang='lat' dir='ltr'>variatus</span> <span class='ocrx_word' id='word_1_362' title='bbox 840 3889 931 3946; x_wconf 78' lang='lat' dir='ltr'>tamine,</span> <span class='ocrx_word' id='word_1_363' title='bbox 940 3890 1083 3937; x_wconf 67' lang='lat' dir='ltr'>consensero</span> <span class='ocrx_word' id='word_1_364' title='bbox 1091 3902 1199 3939; x_wconf 74' lang='lat' dir='ltr'>sennen</span> <span class='ocrx_word' id='word_1_365' title='bbox 1209 3887 1292 3937; x_wconf 58' lang='lat' dir='ltr'>corula</span> <span class='ocrx_word' id='word_1_366' title='bbox 1302 3886 1344 3925; x_wconf 59' lang='grc' dir='ltr'>Μ’</span> 
     </span>
     <span class='ocr_line' id='line_1_42' title="bbox 279 3938 1345 4015; baseline 0.008 -23"><span class='ocrx_word' id='word_1_367' title='bbox 279 3948 320 4005; x_wconf 88' lang='lat' dir='ltr'>esl,</span> <span class='ocrx_word' id='word_1_368' title='bbox 337 3948 367 3993; x_wconf 83' lang='lat' dir='ltr'>sse</span> <span class='ocrx_word' id='word_1_369' title='bbox 381 3952 455 3995; x_wconf 76' lang='lat' dir='ltr'>varios</span> <span class='ocrx_word' id='word_1_370' title='bbox 474 3948 513 3996; x_wconf 84' lang='lat' dir='ltr'>ille</span> <span class='ocrx_word' id='word_1_371' title='bbox 534 3950 586 3996; x_wconf 82' lang='lat' dir='ltr'>seelt</span> <span class='ocrx_word' id='word_1_372' title='bbox 596 3948 693 3997; x_wconf 82' lang='lat' dir='ltr'>classium</span> <span class='ocrx_word' id='word_1_373' title='bbox 710 3956 807 4014; x_wconf 48' lang='lat' dir='ltr'>predum</span> <span class='ocrx_word' id='word_1_374' title='bbox 840 3953 893 3999; x_wconf 85' lang='lat' dir='ltr'>lieet</span> <span class='ocrx_word' id='word_1_375' title='bbox 904 3968 950 4001; x_wconf 88' lang='lat' dir='ltr'>noo</span> <span class='ocrx_word' id='word_1_376' title='bbox 963 3964 1022 4015; x_wconf 81' lang='lat' dir='ltr'>perat</span> <span class='ocrx_word' id='word_1_377' title='bbox 1032 3956 1179 4015; x_wconf 67' lang='lat' dir='ltr'>consumtum,</span> <span class='ocrx_word' id='word_1_378' title='bbox 1190 3967 1264 4002; x_wconf 81' lang='lat' dir='ltr'>tamen</span> <span class='ocrx_word' id='word_1_379' title='bbox 1275 3938 1345 3995; x_wconf 59' lang='lat' dir='ltr'>⁸³⁶⁰sst</span> 
     </span>
     <span class='ocr_line' id='line_1_43' title="bbox 278 4011 1342 4083; baseline 0.006 -25"><span class='ocrx_word' id='word_1_380' title='bbox 278 4011 366 4059; x_wconf 83' lang='lat' dir='ltr'>usmis</span> <span class='ocrx_word' id='word_1_381' title='bbox 378 4014 473 4073; x_wconf 82' lang='lat' dir='ltr'>primam</span> <span class='ocrx_word' id='word_1_382' title='bbox 485 4016 626 4075; x_wconf 81' lang='lat' dir='ltr'>quicentusn</span> <span class='ocrx_word' id='word_1_383' title='bbox 639 4014 736 4061; x_wconf 82' lang='lat' dir='ltr'>millium</span> <span class='ocrx_word' id='word_1_384' title='bbox 746 4019 808 4076; x_wconf 65' lang='lat' dir='ltr'>esis,</span> <span class='ocrx_word' id='word_1_385' title='bbox 838 4020 968 4080; x_wconf 63' lang='lat' dir='ltr'>consum</span> <span class='ocrx_word' id='word_1_386' title='bbox 983 4020 1076 4067; x_wconf 79' lang='lat' dir='ltr'>debebat</span> <span class='ocrx_word' id='word_1_387' title='bbox 1092 4020 1166 4083; x_wconf 87' lang='lat' dir='ltr'>potius</span> <span class='ocrx_word' id='word_1_388' title='bbox 1176 4016 1264 4069; x_wconf 80' lang='lat' dir='ltr'>rmbslse</span> <span class='ocrx_word' id='word_1_389' title='bbox 1275 4017 1342 4074; x_wconf 61' lang='lat' dir='ltr'>{W</span> 
     </span>
     <span class='ocr_line' id='line_1_44' title="bbox 278 4076 1121 4146; baseline 0.011 -23"><span class='ocrx_word' id='word_1_390' title='bbox 278 4088 318 4123; x_wconf 82' lang='lat' dir='ltr'>sut</span> <span class='ocrx_word' id='word_1_391' title='bbox 327 4076 433 4137; x_wconf 71' lang='lat' dir='ltr'>sassones</span> <span class='ocrx_word' id='word_1_392' title='bbox 449 4090 539 4125; x_wconf 81' lang='lat' dir='ltr'>cessum</span> <span class='ocrx_word' id='word_1_393' title='bbox 552 4078 669 4136; x_wconf 78' lang='lat' dir='ltr'>lssbessst,</span> <span class='ocrx_word' id='word_1_394' title='bbox 686 4080 790 4142; x_wconf 70' lang='lat' dir='ltr'>conjetit.</span> <span class='ocrx_word' id='word_1_395' title='bbox 839 4097 885 4131; x_wconf 85' lang='lat' dir='ltr'>nm</span> <span class='ocrx_word' id='word_1_396' title='bbox 896 4081 962 4146; x_wconf 74' lang='lat' dir='ltr'>quius</span> <span class='ocrx_word' id='word_1_397' title='bbox 972 4084 1121 4132; x_wconf 75' lang='lat' dir='ltr'>consulatum.-</span> 
     </span>
    </p>

    <p class='ocr_par' dir='ltr' id='par_1_7' title="bbox 274 4134 1343 4275">
     <span class='ocr_line' id='line_1_45' title="bbox 313 4134 1343 4214; baseline 0.01 -26"><span class='ocrx_word' id='word_1_398' title='bbox 313 4142 350 4189; x_wconf 80' lang='lat'>18.</span> <span class='ocrx_word' id='word_1_399' title='bbox 362 4140 421 4207; x_wconf 59' lang='lat' dir='ltr'>Qu</span> <span class='ocrx_word' id='word_1_400' title='bbox 431 4142 570 4205; x_wconf 62' lang='lat' dir='ltr'>relictaque</span> <span class='ocrx_word' id='word_1_401' title='bbox 580 4144 606 4189; x_wconf 83' lang='lat' dir='ltr'>iis</span> <span class='ocrx_word' id='word_1_402' title='bbox 617 4142 808 4207; x_wconf 69' lang='lat' dir='ltr'>hunorumlnslq.</span> <span class='ocrx_word' id='word_1_403' title='bbox 870 4146 907 4194; x_wconf 84' lang='lat' dir='ltr'>lb·</span> <span class='ocrx_word' id='word_1_404' title='bbox 923 4148 949 4194; x_wconf 82' lang='lat' dir='ltr'>ls</span> <span class='ocrx_word' id='word_1_405' title='bbox 963 4147 1116 4214; x_wconf 72' lang='lat' dir='ltr'>psadrsgmu</span> <span class='ocrx_word' id='word_1_406' title='bbox 1132 4142 1275 4209; x_wconf 64' lang='lat' dir='ltr'>curtulum]</span> <span class='ocrx_word' id='word_1_407' title='bbox 1288 4134 1343 4188; x_wconf 61' lang='grc' dir='ltr'>ΑΠ’·</span> 
     </span>
     <span class='ocr_line' id='line_1_46' title="bbox 274 4203 1339 4275; baseline 0.008 -20"><span class='ocrx_word' id='word_1_408' title='bbox 274 4206 516 4268; x_wconf 73' lang='lat' dir='ltr'>pibusloquirus,qse</span> <span class='ocrx_word' id='word_1_409' title='bbox 526 4208 547 4253; x_wconf 86' lang='lat' dir='ltr'>ei</span> <span class='ocrx_word' id='word_1_410' title='bbox 558 4204 570 4253; x_wconf 75' lang='lat' dir='ltr'>l</span> <span class='ocrx_word' id='word_1_411' title='bbox 581 4216 639 4268; x_wconf 61' lang='lat' dir='ltr'>patre</span> <span class='ocrx_word' id='word_1_412' title='bbox 651 4208 726 4254; x_wconf 75' lang='lat' dir='ltr'>relltls</span> <span class='ocrx_word' id='word_1_413' title='bbox 738 4210 797 4258; x_wconf 82' lang='lat' dir='ltr'>suns.</span> <span class='ocrx_word' id='word_1_414' title='bbox 837 4210 873 4258; x_wconf 82' lang='lat' dir='ltr'>di:</span> <span class='ocrx_word' id='word_1_415' title='bbox 892 4216 918 4258; x_wconf 83' lang='lat' dir='ltr'>sd</span> <span class='ocrx_word' id='word_1_416' title='bbox 935 4212 1081 4275; x_wconf 75' lang='lat' dir='ltr'>Olympicum</span> <span class='ocrx_word' id='word_1_417' title='bbox 1100 4203 1339 4274; x_wconf 46' lang='lat' dir='ltr'>stadium-ow&amp;</span> 
     </span>
    </p>

    <p class='ocr_par' dir='ltr' id='par_1_8' title="bbox 307 4266 1338 4401">
     <span class='ocr_line' id='line_1_47' title="bbox 307 4266 1338 4401; baseline 0.011 -83"><span class='ocrx_word' id='word_1_418' title='bbox 307 4270 350 4329; x_wconf 58' lang='lat' dir='ltr'>ss.</span> <span class='ocrx_word' id='word_1_419' title='bbox 373 4270 456 4320; x_wconf 68' lang='lat' dir='ltr'>suan</span> <span class='ocrx_word' id='word_1_420' title='bbox 475 4269 546 4339; x_wconf 71' lang='lat' dir='ltr'>fus]</span> <span class='ocrx_word' id='word_1_421' title='bbox 575 4273 665 4320; x_wconf 68' lang='lat' dir='ltr'>sorus</span> <span class='ocrx_word' id='word_1_422' title='bbox 691 4274 808 4340; x_wconf 64' lang='lat' dir='ltr'>sunnin,</span> <span class='ocrx_word' id='word_1_423' title='bbox 837 4275 1067 4341; x_wconf 62' lang='lat' dir='ltr'>sumemus·</span> <span class='ocrx_word' id='word_1_424' title='bbox 1076 4266 1211 4332; x_wconf 53' lang='lat' dir='ltr'>ausim.</span> <span class='ocrx_word' id='word_1_425' title='bbox 1300 4322 1338 4401; x_wconf 52' lang='grc' dir='ltr'><strong><em>Β</em></strong></span> 
     </span>
    </p>
   </div>
   <div class='ocr_carea' id='block_1_7' title="bbox 0 0 1388 4800">
    <p class='ocr_par' dir='ltr' id='par_1_9' title="bbox 0 0 1388 4800">
     <span class='ocr_line' id='line_1_48' title="bbox 0 0 1388 4800; baseline 0 0"><span class='ocrx_word' id='word_1_426' title='bbox 0 0 1388 4800; x_wconf 95' lang='lat' dir='ltr'> </span> 
     </span>
    </p>
   </div>
  </div>
 </body>
</html>
