2767 4800
222 305 505 386 orario
541 311 678 410 nm
708 279 1080 389 cncrmuu.
1178 335 1224 422 ¹3

70 459 146 524 hac
158 453 303 521 &aliain
315 469 348 519 te
362 453 428 520 salsi
442 453 616 518 accusatoris
629 454 711 556 signa
718 458 885 539 permulta:
909 459 1087 548 quibusego
1098 481 1179 525 nune

74 569 139 610 non
151 557 239 608 utor.
280 539 355 604 Hoc
370 541 453 620 dico,
467 557 507 616 te,
524 541 545 605 si
559 541 687 606 maxime
698 544 810 626 cupias,
824 560 924 608 tamen
937 553 1040 610 v'erum
1055 548 1227 616 accusa-20

73 647 175 696 torem
190 627 326 692 essenon
337 625 427 710 posse.
474 625 572 690 Video
584 628 664 691 enim
679 629 822 712 permulta
833 629 1035 710 esl'ecrimina,
1050 655 1180 716 quorum
1196 707 1201 714 ,

73 719 130 781 tibi
144 715 281 780 sodetas
296 735 369 776 cum
386 713 480 776 Verre
492 713 630 800 ejusmodi
644 713 699 793 est,
717 729 752 776 ut
764 736 799 778 ea
813 716 844 778 in
856 718 1020 780 accusando
1033 724 1181 804 attingere

75 802 280 867 nonaudeas.
304 797 450 882 Queritur
465 798 566 864 Sicilia
576 815 650 878 tota,
665 799 849 866 efferrem
861 803 898 866 ab
911 804 1083 881 aratoribus,
1105 805 1180 870 cium

79 891 277 952 frumentum
289 883 344 948 libi
359 884 391 946 in
405 885 512 950 cellam
525 885 727 968 imperavisset,
749 885 779 949 dt
793 881 864 950 cium
877 887 945 952 effer
958 891 1047 953 tritici
1062 891 1180 956 modius

87 973 172 1037 H-S.
196 975 217 1036 ii
232 995 291 1056 pro
310 973 463 1034 frumento
482 973 512 1035 in
534 965 649 1036 modicis
663 969 792 1058 singulos
808 973 957 1038 duodenos
971 973 1111 1039 sestertios
1124 997 1225 1066 ear-25

87 1059 182 1145 egiffi.
225 1057 387 1142 Magnum
409 1056 548 1122 crimen!
571 1058 676 1144 ingens
698 1057 845 1140 pecunia!
869 1061 979 1124 surtum
1001 1060 1175 1143 impudens!
1197 1137 1201 1144 ⁴

87 1166 275 1296 ἓὲηίῆηοη
289 1141 428 1207 serenda!
452 1163 510 1230 ego
524 1144 581 1208 hoc
596 1167 657 1208 uno
671 1147 796 1209 crimine
808 1145 894 1210 illum
910 1147 1106 1210 condemnem
1120 1171 1177 1213 ne·
1201 1187 1207 1198 ·

128 1317 190 1382 IX.
215 1315 290 1396 Tu,
304 1315 427 1394 Caecili,
441 1315 511 1399 quid
524 1313 636 1380 facies?
652 1315 766 1381 Utrum
776 1318 835 1381 boc
848 1333 964 1382 tantum
974 1320 1088 1382 crimen
1100 1342 1179 1402 prae-

86 1401 258 1468 termittes?
282 1425 321 1465 an
345 1401 493 1490 objicies?
531 1401 562 1464 Si
583 1403 719 1488 objicies,
748 1403 816 1466 idne
839 1405 919 1467 alteri
947 1407 1064 1466 crimini
1083 1406 1181 1483 dabis,

83 1491 169 1575 quod
183 1489 292 1554 eodem
314 1505 447 1572 tempore
463 1490 494 1550 in
507 1487 608 1550 eidem
624 1489 777 1571 provincia
794 1503 828 1550 tu
849 1489 905 1570 ipse
918 1488 1009 1552 fecisti
1026 1489 1038 1551 i
1060 1491 1181 1554 audebis

87 1577 133 1640 ita
142 1577 280 1640 accusare
295 1575 435 1654 alterum,
453 1589 486 1636 ut
498 1573 656 1660 quominus
670 1588 732 1636 tute
745 1575 953 1650 condemnere,
975 1575 1103 1639 recusare
1118 1599 1182 1640 non

90 1665 184 1746 poffis
199 1661 209 1724 l
236 1659 286 1722 Sin
300 1659 530 1742 praetermittes3
551 1659 644 1742 qualis
658 1661 715 1723 erit
727 1659 781 1723 ista
794 1677 846 1723 tua
861 1661 1022 1738 accusatio,
1043 1683 1111 1745 quae
1123 1662 1180 1724 do·
1204 1679 1226 1748 5

96 1747 212 1816 meslici
234 1744 355 1829 periculi
377 1763 473 1824 metu,
496 1747 653 1823 certiffimi,
674 1744 841 1810 &maximi
862 1747 994 1810 criminis
1013 1770 1075 1810 non
1090 1744 1181 1812 modb

95 1834 298 1916 suspicionem,
320 1833 530 1896 verumetiam
549 1833 730 1896 mentionem
747 1833 836 1914 ipsam
852 1833 1059 1915 pertimescat?
1083 1831 1180 1918 Emp-

92 1933 156 1983 tum
166 1919 207 1983 esl
217 1941 255 1982 ex
271 1918 304 1982 S.
317 1917 360 1981 C.
377 1919 560 1980 frumentum
571 1917 607 1980 ab
616 1915 723 1980 Siculis
734 1932 859 1999 pretore
873 1917 976 1996 Verre,
985 1941 1039 2002 pro
1049 1941 1110 2001 quo
1117 1920 1182 1983 fru-

88 2023 192 2070 mento
210 2006 345 2087 pecunia
364 2004 464 2066 omnis
478 2001 568 2065 soluta
592 2001 719 2066 nonest.
764 2001 868 2068 Grave
881 2002 924 2066 est
943 2005 1002 2068 hoc
1015 2007 1129 2068 crimen
1147 2005 1180 2068 in

90 2091 232 2168 Verrem,
256 2111 350 2176 grave
370 2110 420 2152 me
433 2101 558 2174 agente:
583 2094 611 2150 te
626 2089 779 2152 accusante
792 2088 919 2153 nullum.
963 2089 1038 2154 Erus
1051 2094 1130 2154 enim
1145 2105 1179 2154 tu
1186 2108 1229 2156 ιο

88 2177 256 2261 Qiaestor:
280 2175 438 2258 pecuniam
459 2173 609 2258 publicam
631 2190 664 2237 tu
686 2173 850 2238 tradtabas:
871 2195 911 2238 ex
923 2179 983 2258 quai
997 2176 1107 2239 etiamst
1124 2199 1181 2259 cu·

85 2282 167 2348 peret
183 2263 315 2340 Praetor,
338 2279 440 2326 tamen
457 2281 495 2322 ne
510 2282 569 2345 qua
581 2261 719 2340 dedudlio
741 2257 835 2340 fieret,
855 2265 966 2344 magnai
984 2283 1021 2324 ex
1034 2279 1116 2344 parte
1130 2277 1182 2328 tua

87 2343 213 2434 potestas
228 2365 308 2413 erat.
348 2347 446 2433 Hujus
462 2369 579 2431 quoque
595 2347 836 2431 igiturcriminis,
851 2362 880 2409 te
890 2348 1054 2426 accusante,
1069 2348 1186 2413 mentio

87 2439 168 2502 nulla
183 2436 251 2499 fiet.
300 2432 439 2497 Silebitur
460 2446 523 2495 toto
540 2434 655 2519 judicio
675 2432 874 2497 dermaximis
888 2433 918 2496 de
931 2435 1084 2497 notissimis
1103 2435 1181 2497 illius

86 2523 224 2588 furtis&
245 2520 374 2607 injuriis.
422 2518 501 2581 Mihi
522 2521 617 2596 crede,
641 2516 762 2596 Caecili,
785 2540 845 2580 non
859 2518 953 2603 potest
973 2519 1004 2581 in
1018 2521 1227 2602 accusand015

86 2611 180 2675 socios
205 2604 282 2671 veri
298 2604 452 2667 defendere
472 2606 507 2680 is,
529 2607 667 2687 quicum
693 2626 743 2667 reo
764 2605 925 2667 criminum
950 2606 1086 2668 societate
1102 2627 1181 2670 con-

84 2697 211 2784 jundtus
226 2692 282 2756 est.
331 2688 488 2770 Mancipes
497 2690 520 2775 'a
530 2690 697 2753 civitatibus
707 2709 762 2772 pro
775 2689 924 2752 frumento
938 2691 1095 2771 pecuniam
1107 2713 1180 2755 exes

86 2782 209 2867 gerunt.
259 2776 367 2861 Quid?
392 2778 463 2851 hoc;
486 2772 578 2837 Verre
598 2774 737 2849 Praetore‚
759 2774 871 2838 sadtum
889 2774 932 2837 eil
949 2776 1071 2840 solum?
1094 2800 1179 2843 non:

87 2870 133 2931 sed
159 2868 257 2930 etiam
282 2862 442 2946 Qraestore
463 2860 599 2925 Caecilio.
644 2860 733 2943 Quid,
750 2859 869 2947 igitur'l
887 2862 1034 2925 ⁸daturus
1054 2886 1088 2927 es
1110 2866 1181 2927 huic

89 2953 225 3027 crimini,
254 2950 334 3035 quod
363 2950 394 3013 dt
416 2947 533 3031 potuisti
557 2948 710 3031 probibere
738 2968 775 3009 ne
798 2944 893 3023 fieret,
919 2946 949 3011 dl
971 2948 1118 3012 debuisti?
1141 2965 1227 3012 anzo

89 3055 190 3106 totum
217 3035 249 3102 id
276 3032 452 3121 relinques?
490 3030 575 3118 Ergb
602 3034 631 3097 id
648 3033 782 3097 'omninb
805 3032 914 3097 Verres
940 3034 1109 3124 injudicio
1130 3036 1182 3101 luo

451 3214 464 3244 ¹
476 3202 573 3285 objicies
585 3208 676 3267 crimen
687 3205 745 3263 bair
754 3203 847 3265 Verri.

1222 3356 1229 3378 Ι

125 3416 165 3453 ar.
178 3392 386 3463 mummium]
404 3392 513 3459 Qartum
528 3390 625 3453 sgnum,
687 3406 713 3453 7.
753 3408 773 3437 ι
788 3388 891 3455 πυρί]
915 3386 990 3438 εἱςίιῑΐι
1000 3388 1182 3436 amaturum..

93 3470 159 3530 qood,
171 3480 226 3513 curn
234 3464 260 3510 tir
268 3460 401 3524 conjunctus
413 3472 466 3503 cum
479 3469 514 3503 reo
526 3456 624 3503 affinin-
656 3470 712 3503 num
720 3455 754 3501 sru
794 3470 827 3511 m,
843 3456 902 3518 quud
912 3459 940 3503 ab
950 3452 1070 3500 aratoribus
1079 3453 1182 3515 erigebe·

94 3532 258 3583 seminium,
272 3542 319 3574 nou
335 3524 405 3585 potest
417 3521 531 3570 defendere
545 3522 624 3578 sorim,
655 3530 692 3567 tur
708 3521 754 3567 saue
768 3521 854 3583 pretio:
871 3530 947 3582 prater
958 3520 980 3565 id
991 3518 1105 3565 emebatur
1118 3518 1182 3568 ,hu

93 3594 199 3660 {quibus
207 3592 331 3641 aecusator.
656 3582 669 3629 i
685 3581 773 3641 Siculis,
789 3600 828 3644 pro
842 3600 887 3644 qm
900 3601 929 3633 α
938 3581 1128 3631 Senatusmnsulm
1141 3598 1181 3645 μ.

126 3676 168 3723 23·
182 3658 222 3708 Ab
230 3650 376 3715 statumen]
390 3653 491 3699 Aratorea
502 3659 575 3705 mant,
586 3648 624 3712 qui
655 3650 722 3695 cunia
731 3648 863 3696 solvebatur.

146 3727 232 3774 uum.
244 3736 307 3782 agros
315 3721 462 3767 conduxeram.
474 3718 499 3761 ad
507 3718 622 3761 arandum.
691 3727 729 3759 ro.
746 3712 861 3777 libitum]
895 3711 961 3759 lilius
977 3711 1076 3758 criminin
1095 3711 1182 3761 nullan

126 3806 167 3851 aa.
181 3784 284 3851 ortam]
297 3784 361 3831 cella
369 3790 459 3827 vocatur
467 3778 578 3839 quodlibet
588 3795 622 3825 re·
657 3777 792 3823 mentionem
803 3776 895 3835 fecisset,
905 3776 923 3825 fi
933 3774 1041 3825 accusator
1050 3776 1186 3825 constiturus

96 3854 234 3916 uepraeulum
246 3853 276 3899 rei
286 3845 419 3897 domesticae.
446 3840 622 3891 Hiererdinrcl·
657 3840 853 3889 suiss'etcaeiliuc·

96 3920 141 3980 3312
159 3932 274 3967 ,umnam
291 3910 407 3965 Praetoris,
421 3922 470 3969 quae
484 3908 626 3955 insrumeuti
693 3920 732 3955 aa.
755 3903 860 3955 odanto
878 3905 967 3972 ficret]
1015 3904 1127 3954 Dedudlio
1151 3906 1183 3960 et

99 3970 538 4041 errronumerupraebebaturasiculie,
553 3970 625 4034 iqui·
657 3971 740 4017 debitae
766 3971 867 4033 pecunie
888 3970 1042 4033 compensatio,
1068 3970 1122 4019 edm
1145 3985 1185 4031 pru
1223 4033 1225 4036 Ι

98 4050 136 4099 bea
149 4050 228 4096 Venta
244 4051 264 4092 dr
279 4040 400 4105 pecuniam
410 4052 448 4099 pro
461 4036 573 4083 frumento
586 4051 625 4081 er·
657 4050 680 4081 re
695 4032 768 4097 aliqui
783 4036 841 4082 aliud
860 4036 1023 4097 compensatur,
1045 4038 1068 4082 dr
1086 4035 1185 4082 detrahi.

98 4127 149 4173 egrr,
167 4119 229 4161 &eo
244 4109 326 4171 pretio,
344 4114 370 4151 ut
383 4116 421 4162 pro
436 4102 519 4147 duobus
528 4100 640 4149 sestertiis·
658 4106 703 4147 tur.

98 4178 205 4227 duudmua
231 4192 268 4238 per
286 4169 390 4230 singulus
413 4166 497 4212 nouos
519 4166 625 4225 exigeret,
692 4173 730 4223 17.
746 4162 884 4229 Macrim]
910 4164 1022 4227 Mencipea
1036 4162 1183 4228 erentpubli.

99 4242 161 4289 series
178 4242 292 4305 plusqua·
309 4232 444 4285 merebatur·
475 4228 511 4281 De
525 4228 625 4281 &sterilis
657 4240 762 4275 canorum
771 4228 888 4293 principer,
901 4228 939 4293 qui
949 4228 1066 4289 vestigatio
1076 4225 1090 4273 i
1101 4228 1183 4291 populo

96 4308 176 4365 distem
184 4304 300 4373 ἀξίωμα.
655 4292 800 4345 redimebant.
1039 4323 1042 4328 ⁴

130 4380 135 4398 ²
1122 4378 1184 4421 non
