2767 4800
79 418 83 425 Ι
132 294 268 389 mm.
287 310 622 388 autonium
645 286 990 389 anrtrrarca
1011 313 1071 390 ns
1095 342 1167 415 ιιι

26 456 154 537 nerasti,
167 480 259 542 quem
269 460 360 541 patris
371 458 453 535 loco,
469 456 562 523 srulla
574 462 605 523 in
618 476 647 523 te
658 462 750 543 pietas
764 459 845 539 esset,
858 461 959 526 colere
972 461 1120 539 debebam

25 540 123 609 liliam
139 546 222 631 ejus,
238 547 366 609 sororem
380 560 462 608 tuam
474 544 500 623 ἀ,
522 543 642 630 ejecisti,
658 547 716 607 alia
729 550 927 625 econditione
945 546 1075 631 quasue,
1090 548 1122 612 dt

25 648 97 693 ante
111 630 288 714 perspecti:
311 629 431 695 nonest
452 632 542 707 satis3
565 629 687 715 ‘probri
711 631 884 699 infimulasii
908 635 1122 715 pudicissimam

25 716 217 779 soeminam:
241 713 382 799 quidest,
404 715 487 801 quod
501 717 569 781 addi
583 716 689 799 possit?
713 733 875 781 contentus
888 740 926 783 eo
939 740 1003 782 non
1015 717 1094 781 suisti
1108 743 1120 793 ς

26 803 272 882 frequentissimo
292 800 405 865 Senatu
429 798 576 869 Kalendis
587 800 657 883 Jan.
684 802 802 866 sedente
820 821 940 887 patruo,
962 805 1040 867 hanc
1064 803 1165 894 tibi45

27 886 82 948 esse
97 909 177 949 cum
193 884 355 951 Dolabella
369 887 431 951 odii
450 889 567 951 causam
590 889 676 951 ausus
690 908 721 949 es
742 890 852 965 dicere,
874 889 956 973 quod
971 890 1008 951 ab
1021 912 1058 952 eo
1072 893 1120 954 so-

26 972 85 1035 rori
99 971 130 1033 δι
144 973 236 1035 uxori
252 987 313 1035 tuae
329 971 463 1054 stuprum
477 974 613 1037 oblatum
626 971 681 1037 else
697 972 896 1055 comperisses.
932 976 1012 1057 Quis
1026 976 1122 1042 inter-

27 1058 140 1139 pretari
172 1053 278 1139 potest,
302 1059 569 1140 impudentior-ne,
592 1060 644 1141 qui
668 1060 701 1121 in
724 1057 857 1134 Senatu5
880 1083 919 1123 an
942 1062 1120 1142 improbior,

28 1144 81 1223 qui
94 1144 127 1205 in
143 1140 363 1219 Dolabellam
387 1165 425 1207 an
436 1146 590 1227 impurior,
612 1146 663 1227 qui
680 1162 762 1227 patre
777 1146 918 1209 audiente
927 1173 937 1221 3
961 1166 1000 1208 an
1012 1146 1120 1207 crude-

28 1227 97 1304 lior,
121 1226 226 1310 quiin
243 1228 326 1291 illam
340 1230 474 1292 miseram
495 1232 556 1293 tam
580 1230 693 1311 spurce,
716 1233 778 1293 uim
797 1229 889 1312 impie
903 1229 1037 1295 diaetis?
1062 1229 1118 1295 Sed
1124 1252 1167 1321 50

29 1314 64 1373 ad
86 1314 294 1398 chirographa
317 1313 491 1379 redeamus:
515 1324 608 1397 gquae
624 1314 682 1377 suit
699 1333 751 1378 tua
775 1318 935 1401 cognitio?
957 1318 1023 1379 adia
1036 1319 1120 1380 enim

31 1397 159 1462 Caesaris
180 1403 261 1480 pacis
269 1400 359 1461 causd
370 1398 547 1463 confirmata
565 1398 798 1463 suntiSenatu:
821 1424 890 1483 quae
909 1404 1031 1487 quidem
1047 1400 1121 1465 Cae-

32 1484 73 1545 sar
87 1482 206 1570 egisset,
222 1506 284 1549 non
295 1506 342 1561 ea,
354 1507 422 1569 quae
436 1483 585 1549 Caesarem
595 1484 682 1571 egilii:
692 1485 805 1549 dixifl'et
818 1491 982 1551 Antonius.
1026 1488 1121 1553 Unde

35 1566 84 1630 illa
102 1568 292 1653 erumpunt?
316 1593 380 1654 quo
394 1570 515 1635 auctore
529 1572 741 1653 proferuntur;
764 1572 785 1641 fi
800 1574 868 1635 sunt
881 1573 963 1649 salsa,
982 1594 1038 1637 cur
1051 1593 1122 1654 pro·

35 1653 166 1717 bantur?
193 1655 214 1717 si
229 1676 310 1731 vera,
331 1678 386 1719 cur
406 1656 417 1692 '²
430 1654 584 1720 veneunt?
609 1660 653 1719 At
667 1656 708 1719 fic
722 1658 885 1739 placuerat,
901 1674 934 1722 ut
948 1681 986 1721 ex
1001 1657 1166 1750 Kalen-55

35 1740 77 1800 dis
88 1738 192 1820 Juniis
202 1744 240 1802 de
252 1738 377 1805 Caesaris
389 1742 462 1807 aslis
476 1764 547 1805 cum
559 1740 682 1804 consilio
692 1744 920 1828 cognosceretis.
955 1744 1048 1826 Qrod
1063 1743 1122 1809 suit

36 1823 216 1889 eonsilium?
241 1846 332 1909 quem
348 1848 480 1911 unquam
496 1824 643 1891 advocasti
656 1826 666 1889 l
690 1850 765 1910 quas
780 1826 935 1893 Kalendas
947 1828 1053 1910 Junias
1067 1848 1122 1894 ex·

38 1908 180 1989 pedani,
203 1932 242 1975 an
256 1933 318 1989 eas,
340 1912 376 1975 ad
422 1932 475 1976 uas
499 1928 541 1990 te,
564 1916 723 1997 peragratis
748 1930 958 1978 veteranorum
982 1915 1123 1992 coloniis,

38 1992 173 2077 stipatum
197 1999 288 2061 armis
312 1936 458 2063 retulilli?
494 1996 527 2061 O
548 1998 721 2081 praeclaram
742 2000 826 2063 illam
847 1997 1123 2083 'percursationem

39 2093 116 2142 tuam
128 2084 233 2147 mense
251 2083 349 2166 Aprili
364 2100 456 2169 atque
467 2082 567 2161 Maio,
582 2084 661 2161 ttim,
676 2082 749 2147 etim
762 2086 854 2149 etiam
873 2084 1012 2167 Capuam
1025 2086 1168 2171 dedu-60

40 2186 102 2227 cere
115 2167 271 2232 coloniam
285 2186 413 2233 conatus
427 2166 478 2233 es!
507 2170 761 2253 quemadmodum
774 2164 858 2233 ittin'e
872 2171 989 2247 abieris,
1004 2171 1050 2235 vel
1066 2193 1121 2253 po-

41 2252 96 2313 tius
117 2252 195 2335 pene
217 2276 279 2318 non
295 2254 412 2331 abieris,
435 2257 561 2319 scimus:
585 2254 662 2319 ¹‘cui
682 2256 798 2320 tuurbi
812 2256 959 2321 militaris
970 2284 981 2334 3
1005 2259 1122 2321 utinam

42 2356 157 2417 conere,
173 2340 380 2422 utaliquando
395 2340 479 2420 illud,
490 2338 619 2417 PENE,
632 2340 764 2406 tollatur.
802 2342 944 2428 Atquim
959 2342 1121 2407 nobilis'est
1153 2342 1160 2367 ⁸

43 2425 149 2486 tuailla
163 2426 387 2512 peregrinatio?
411 2429 483 2511 quid
504 2429 695 2510 prandiorum
711 2443 879 2510 apparatus,
892 2429 963 2510 quid
979 2429 1121 2492 furiosam

44 2509 235 2575 vinolentiam
251 2528 334 2576 tuam
349 2511 514 2595 proferam?
532 2529 583 2577 tua
597 2510 649 2575 ista
660 2513 840 2575 detrimenta
853 2513 935 2590 sunt,
946 2513 997 2575 illa
1010 2511 1118 2576 nostra.
1125 2535 1169 2623 ⁶5

45 2595 156 2677 Agrum
171 2595 380 2680 Campanum,
399 2599 452 2682 qui
463 2597 534 2661 cum
549 2597 585 2660 de
594 2597 787 2682 vestigalibus
797 2598 995 2674 eximebatur,
1015 2611 1049 2660 ut
1062 2601 1121 2661 mi·

45 2675 142 2744 litibus
157 2683 290 2761 daretur,
311 2697 413 2747 tamen
427 2683 522 2769 infligi
543 2703 690 2766 magnum
701 2682 875 2763 reipublicae
889 2681 895 2718 ¹
908 2683 1017 2746 vulnus
1032 2698 1123 2764 puta·

46 2761 161 2828 bamus:
185 2771 270 2832 bunc
286 2786 319 2834 tu
334 2768 594 2852 compransoribus
609 2770 680 2844 tuis,
695 2769 725 2831 δι
740 2767 937 2831 collusoribus
950 2768 1121 2844 dividebas,

45 2849 147 2914 mimos
163 2854 234 2918 dico
244 2857 272 2919 δι
284 2855 402 2932 mimas,
419 2853 452 2919 P.
469 2851 507 2917 C.
523 2855 556 2917 in
567 2874 639 2940 agm
651 2852 811 2936 Campano
821 2853 996 2916 collocatos.
1033 2853 1120 2938 Quid

44 2931 100 3014 jam
113 2959 220 3019 querar
233 2941 270 3002 de
281 2961 353 3026 agro
364 2938 538 3004 Leontino?
561 2940 805 3024 quandoquidem
819 2941 867 3004 bae
877 2941 1029 3022 quondam
1043 2947 1168 3049 aera-75

47 3017 147 3100 tiones,
171 3023 330 3109 Campana
350 3025 381 3090 dc
405 3023 570 3102 leontina,
597 3025 630 3088 in
654 3024 756 3109 populi
780 3021 915 3088 Romani
938 3027 1137 3108 patrimonio·

80 3169 249 3254 trepidasti.
308 3177 484 3236 ‘adaexorn
544 3172 655 3252 ‘stuprb
714 3172 1063 3255 ‘careatusoluscognovi
1083 3182 1120 3236 i?

47 3243 235 3316 ”mmor
271 3253 281 3293 ¹
288 3261 497 3336 peragrassem.
523 3253 552 3293 ⁴¹¹
566 3253 645 3332 quasi.
686 3251 695 3291 ¹
708 3254 834 3312 damnum

63 3437 112 3498 ..⁴²·
130 3429 222 3480 Seram
232 3431 310 3499 rm]
327 3435 380 3482 Erat
390 3434 435 3482 fitia
445 3435 475 3499 Q.
488 3435 563 3498 Anto-
593 3447 637 3480 non
654 3431 726 3480 solum
736 3431 864 3494 prohibitur,
879 3432 915 3480 sed
923 3447 979 3494 pene
988 3430 1119 3483 aarum·

50 3499 86 3543 ¹¹¹¹,
102 3495 137 3553 qui
154 3506 242 3558 panum
260 3507 306 3546 erat
320 3500 386 3563 hujus
396 3499 509 3560 Antonlit
526 3515 565 3562 pa·
593 3493 633 3545 est.

50 3555 119 3603 nude.
137 3561 198 3610 enim
214 3563 291 3612 nanee
305 3564 341 3610 vel
358 3564 440 3612 sorore·
458 3562 519 3621 sunt,
533 3562 566 3611 ait
626 3561 666 3624 63.
678 3562 734 3612 Per?
743 3559 850 3625 rutum]
866 3557 927 3608 Pena
938 3561 1023 3609 occisos
1032 3563 1064 3609 est
1073 3564 1119 3610 Ca·

49 3615 117 3677 ⁰³5⁰&
129 3625 176 3685 qul,
187 3643 266 3693 queve
273 3643 301 3674 ex
308 3629 394 3676 duobus
404 3627 505 3676 fratribus
514 3643 564 3692 pro·
594 3641 643 3689 puae
653 3627 780 3674 Antonione
799 3636 859 3686 optat
877 3636 903 3672 ut
920 3626 974 3672 illud
984 3627 1038 3690 pal
1053 3629 1118 3675 oolla-

52 3692 181 3739 sentimur.
593 3701 638 3748 tur,
655 3691 690 3738 sed
701 3689 843 3737 interficiatur
852 3691 973 3738 Antonius.

80 3759 115 3808 5¹·
131 3753 316 3834 Mcbirograpba
332 3753 459 3821 redama]
483 3755 565 3805 Chiro-
626 3755 1118 3819 66·AgmGaerpmm.}Campenueagee

49 3810 147 3870 ssnpbum
164 3823 196 3870 est
213 3833 294 3884 privata
309 3821 381 3871 cautio
396 3819 566 3882 msnuelicujue
593 3820 692 3880 publicus
709 3823 731 3866 dr
747 3819 858 3879 vestigatis
878 3830 939 3879 ωτι
956 3835 1024 3882 quern
1042 3831 1117 3871 nmen

52 3873 82 3918 vel
98 3876 178 3941 scripu,
195 3888 230 3936 vet
252 3885 381 3948 subscripta.
414 3884 522 3947 Loquitur
538 3889 566 3934 de
593 3885 707 3930 Antonine
723 3883 819 3931 dividere
837 3883 945 3931 militibus
959 3887 1066 3934 veteranis
1076 3902 1118 3934 vo-

52 3933 187 4006 ὠῑτοειιιιιιι
197 3946 245 4010 ιιι,
261 3965 312 4014 qua
327 3949 482 4000 turicensis
491 3951 564 3998 nimr-
592 3948 645 4004 rut,
662 3957 687 3994 ιι
697 3943 736 3995 tu
746 3949 843 3995 uaros
854 3949 949 3996 ιιιιιιι.

52 4011 76 4044 ΠΕ
85 4011 175 4064 preeunt.
627 4029 666 4074 70.
678 4012 741 4077 Agro
750 4013 870 4077 Leontina]
885 4016 947 4073 Ager
955 4013 1118 4064 Leontinueest

56 4080 124 4180 &ip-³
136 4077 201 4190 fleg
213 4078 347 4144 placuerat]
374 4079 497 4143 Occupatis
517 4093 567 4142 que
593 4077 617 4124 in
630 4077 795 4189 silwim
809 4081 876 4126 Sexto
891 4078 967 4127 Clodio
981 4079 1019 4126 suo
1029 4081 1117 4130 dicendi

84 4194 117 4244 ⁶2
127 4153 357 4274 tangquam]
382 4207 450 4258 Ridet
468 4209 567 4257 Antoni·
594 4157 666 4266 mil
685 4158 770 4270 sepult·
782 4206 844 4254 Rern.
858 4207 1004 4274 potamia]
1030 4210 1118 4273 Qum·

56 4267 99 4368 ”up
113 4267 147 4326 qul
161 4286 213 4318 eum
228 4274 330 4348 Capuam
340 4273 450 4352 pploniaqr
461 4275 567 4350 deduoere
594 4271 633 4330 diu
649 4272 681 4318 illi
698 4272 743 4332 agri
758 4271 782 4318 in
797 4273 871 4336 populi
885 4271 981 4324 Rumeni
991 4275 1121 4336 patrimonio

56 4331 79 4366 '²
93 4334 114 4375 ‘t
129 4347 156 4380 et
175 4349 279 4388 veteranae
300 4337 416 4412 mpqubus,
432 4353 445 4387 e
460 4338 568 4402 capuam
595 4335 697 4388 suerunt.

675 4385 902 4476 na2‘-
1006 4397 1122 4498 'grana
1229 4499 1239 4510 ,
