2767 4800
185 275 257 364 522
385 247 1112 330 ututurrcrcsnours

234 379 312 471 lbm,
333 409 369 458 ut
388 409 458 458 ante
479 395 554 469 dixi,
577 393 623 458 sed
647 394 738 456 etiarn
762 383 893 470 cu'ltura,
915 392 1019 474 &ipsa
1043 411 1152 458 natura
1177 393 1336 468 delebat:
1371 383 1372 386 ¹

190 494 230 564 35
238 481 489 544 adminiculorum
510 484 640 557 ordines,
662 482 796 562 capitum
809 480 938 564 jugatio,
954 480 1089 626 relipatio
1104 481 1134 544 dt
1151 483 1336 568 propagatio

192 565 196 575 '
235 568 364 643 uitium,
397 567 675 648 sarmentorumque
700 587 746 642 ea,
778 587 866 642 quam
889 566 962 638 dixi,
994 567 1120 629 aiorum
1145 571 1339 650 amputatio,

163 679 167 686 ·
233 653 361 714 aliorum
377 653 523 721 immissio.
546 653 629 732 Qrid
645 649 921 735 egoirrigationes?
945 651 1015 732 quid
1032 653 1170 714 foffiones
1186 655 1274 782 apri,
1291 677 1340 715 re·

235 735 945 820 pallinationesqueproteram,quibusstrmulto
958 737 1224 800 terrasoecundior.
1249 737 1343 822 Quid

130 831 136 842 “
235 841 272 884 ae
287 825 414 886 utilitate
433 824 539 906 loquar
561 821 762 886 stercorandi?
788 823 847 884 dixi
864 825 894 883 in
910 843 947 883 to
961 821 1049 896 libro,
1075 847 1168 902 quem
1184 825 1222 886 de
1243 826 1342 888 rebus

188 907 349 988 ,creticis
371 908 486 990 scripti,
509 911 545 970 de
560 909 621 991 qua
632 907 738 972 dod'tus
752 905 895 970 Hesiodus
910 929 946 968 ne
962 909 1085 970 verbum
1102 912 1227 990 quidem
1245 911 1340 984 fecit,

234 1016 305 1058 curn
317 997 353 1056 dc
368 996 488 1058 cultura
500 997 561 1079 agri
578 995 726 1056 scriberet.
765 993 809 1056 At
826 989 987 1070 Homerus,
1004 995 1054 1076 qui
1068 993 1185 1072 multis,
1200 1013 1237 1057 ut
1253 995 1339 1058 mihi

232 1081 363 1155 videtur,
380 1099 454 1142 »ante
470 1081 582 1144 saeculis
598 1079 667 1152 fuit,
690 1077 829 1142 Laertem
847 1079 1008 1146 lenientem
1030 1079 1219 1157 desiderium,
1244 1081 1337 1164 quod

234 1168 371 1246 capiebat
395 1165 412 1228 ὲ
437 1163 513 1240 filio,
535 1163 688 1226 colentem
716 1185 835 1248 agrum,
858 1164 885 1225 bt
910 1184 978 1226 eum
1005 1159 1217 1232 stercorantem
1242 1167 1334 1236 lacit,

235 1249 307 1312 Nec
330 1253 400 1315 verb
424 1251 572 1336 segetibus
598 1250 707 1326 solum,
745 1249 848 1329 pratis,
880 1248 1039 1324 &vine-is,
1073 1249 1252 1322 &arbustis
1286 1271 1336 1316 rea

187 1335 351 1420 45rustica:
371 1337 448 1400 laetae
472 1338 552 1410 sunt,
574 1335 726 1398 sedetiam
743 1334 881 1410 hortis&
900 1335 1057 1416 pomariis:
1082 1352 1145 1400 tum
1206 1337 1338 1410 cadum

233 1422 330 1506 pastu,
354 1425 453 1506 apium
467 1422 667 1496 examinibus,
690 1421 798 1484 slorurn
813 1419 953 1482 omnium
974 1423 1126 1487 varietate.
1159 1360 1227 1486 pecc
1243 1445 1336 1486 con-

233 1507 354 1572 sitiones
366 1510 457 1574 modti
471 1505 631 1582 deleelant,
657 1509 703 1570 sed
723 1509 812 1570 etiam
827 1505 999 1582 insitiones:
1023 1509 1134 1588 quibus
1149 1507 1221 1580 nibil
1234 1509 1335 1572 iave-

235 1596 280 1657 nit
295 1595 478 1678 agricultura
492 1595 635 1656 solertius.

192 1691 209 1754 ι
235 1696 239 1702 ’
278 1677 309 1740 Χ
320 1678 369 1740 r'l.
382 1676 499 1742 Polliam
516 1679 587 1761 pers
598 1678 650 1759 qui
671 1675 766 1740 multa
778 1673 1001 1744 oblectamenta
1016 1699 1113 1742 return
1129 1677 1331 1749 rusticarum:

122 1781 124 1784 ‘
233 1764 280 1826 sed
295 1787 330 1826 ea
345 1767 416 1846 ipsa,
438 1787 507 1849 quae
522 1765 597 1840 dixi,
619 1762 704 1826 suitl'e
720 1763 812 1826 sentio
827 1761 975 1850 longiora.
1013 1761 1178 1848 Ignoscetis
1204 1787 1329 1828 autem:

233 1871 305 1913 narrt
325 1851 355 1912 b:
374 1851 472 1918 studio
495 1873 593 1912 rerum
615 1849 790 1912 rusticarum
815 1847 972 1932 proredius
987 1847 1062 1924 sum,
1085 1849 1267 1918 &senedlus
1285 1849 1332 1917 est

236 1939 343 2006 naturai
368 1937 542 2019 loquacior:
567 1958 605 1998 ne
628 1939 665 1996 ab
685 1935 828 2003 erunibus
849 1955 914 1998 eant
941 1934 1019 1998 vitiis
1042 1936 1143 2010 ridear
1166 1937 1331 2010 vindicare,

189 2035 211 2100 5
238 2019 320 2104 largo
334 2024 365 2084 in
381 2025 437 2085 bac
453 2024 513 2084 vita
528 2020 575 2083 M.
593 2019 716 2096 Curius,
732 2043 802 2082 cum
818 2021 854 2080 de
871 2019 1072 2098 Samnitibus,
1092 2023 1130 2084 de
1143 2019 1278 2100 Sabinis,
1292 2025 1333 2084 de

234 2104 350 2191 Pyrrho
366 2106 581 2188 triumphasset,
593 2105 775 2188 consumpsit
786 2121 955 2185 extremum
969 2123 1086 2188 tempus
1097 2110 1216 2182 aetatis3
1241 2111 1331 2194 cujus

235 2193 356 2271 quidem
374 2193 473 2258 villam
500 2215 557 2275 ega
579 2193 799 2274 contemplans,
823 2189 902 2252 abest
924 2193 1006 2254 enirn
1030 2213 1093 2256 non
1112 2192 1205 2278 longi:
1229 2193 1247 2254 a
1269 2216 1332 2270 me,

234 2278 372 2340 admirari
397 2279 462 2339 satis
486 2299 547 2338 non
569 2277 682 2357 pollam
698 2277 744 2340 vel
761 2275 891 2340 bominis
911 2273 998 2358 ipsius
1022 2279 1257 2360 continentiam,
1281 2279 1329 2349 vel

157 2360 161 2369 ⁴
235 2375 406 2444 temporum
428 2362 623 2441 disciplinam.
669 2361 767 2428 Curio
790 2363 824 2427 ad
849 2363 952 2429 sotum
969 2362 1079 2429 sedenti
1099 2387 1249 2451 magnum
1264 2366 1328 2435 auri

194 2452 356 2530 aopondus
372 2450 521 2511 Samnites
536 2449 606 2511 crim
622 2448 798 2523 attulissent,
824 2450 967 2529 repudiati
988 2452 1025 2511 ab
1040 2470 1077 2511 eo
1098 2450 1188 2526 sunt:
1212 2474 1277 2515 non
1291 2473 1330 2517 ea

237 2535 301 2597 nim
317 2559 425 2597 aurum
441 2538 549 2603 habere
570 2534 747 2618 praeclarum
771 2535 823 2597 libi
839 2534 928 2597 videri
944 2535 1039 2610 dixit3
1062 2536 1108 2597 sed
1125 2538 1174 2613 iis,
1200 2539 1256 2619 qui
1271 2540 1327 2601 ha-

235 2621 341 2685 berent
357 2644 473 2697 aurum,
499 2622 650 2701 imperare
692 2620 851 2682 Poteratne
874 2635 973 2693 tantus
995 2625 1113 2683 animus
1129 2644 1193 2687 non
1207 2624 1328 2709 jucun.

235 2706 305 2770 dam
319 2710 437 2788 efficere
452 2704 654 2769 senettutem?
681 2704 738 2767 Sed
760 2704 847 2767 venio
872 2706 907 2767 ad
929 2707 1087 2789 agricolas,
1112 2730 1149 2769 ne
1171 2706 1190 2769 ai
1214 2712 1328 2791 meipso
1361 2700 1367 2711 ¹

237 2794 382 2855 recedam.
419 2790 457 2854 In
471 2795 547 2875 agris
561 2809 646 2855 erant
658 2811 723 2854 turn
735 2788 891 2853 Senatores
909 2790 937 2859 dt
951 2791 1040 2853 iidem
1056 2793 1157 2863 senes:
1180 2792 1327 2877 siquidem

192 2874 1329 2963 [tarantiL.Qtintiio(3incinnatonunciatumesl,eurnDictatoremelso
1364 2896 1367 2903 ⁴

236 2963 367 3031 fastum:
392 2967 479 3049 cujus
491 2959 745 3048 Dtoatorisjutsu
757 2960 903 3044 Magister
914 2960 1061 3043 Equitum
1070 2961 1110 3025 C·
1125 2962 1268 3033 Servilius
1280 2970 1328 3031 A·

175 3054 179 3061 '
237 3049 307 3111 bala
323 3048 374 3133 Sp.
387 3049 530 3117 Maelium
552 3070 679 3132 regnum
693 3062 897 3129 appetentem,
919 3065 1098 3129 occupatum
1115 3050 1288 3115 interemit:
1311 3052 1329 3117 ai

237 3135 309 3198 villa
322 3139 353 3197 in
365 3136 509 3204 Senatum
525 3133 782 3211 arcessebantur&
798 3130 908 3202 Curius
923 3134 952 3205 δι
968 3134 1068 3195 caeteri
1082 3134 1181 3213 sene53
1206 3159 1245 3201 ex
1255 3162 1329 3223 quo,

240 3222 360 3304 quitos
375 3220 567 3295 arcessebant,
590 3222 716 3283 viatores
732 3220 879 3282 nominati
901 3218 988 3283 sunt:
1013 3242 1087 3283 num
1110 3222 1203 3307 igitur
1219 3226 1329 3291 borum

195 3306 373 3398 posenedtus
387 3306 558 3389 miserabilis
581 3307 650 3382 fuit,
673 3304 726 3388 qui
742 3306 769 3373 se
785 3305 846 3389 agri
861 3304 996 3367 cultione
1010 3304 1228 3373 oblectabant?
1254 3308 1329 3381 Meti

241 3396 362 3484 quidem
389 3391 533 3455 sententia
553 3392 632 3461 baud
656 3392 728 3467 scio,
752 3412 791 3454 an
814 3390 873 3451 ulla
894 3390 1008 3455 beatior
1028 3389 1081 3452 esse
1102 3395 1207 3479 possit:
1231 3418 1329 3483 neque

240 3480 336 3542 solun:
352 3481 465 3561 officio,
486 3477 566 3562 quod
581 3477 741 3542 hominurn
767 3477 868 3560 generi
886 3476 1032 3539 ,uttirerso
1046 3476 1164 3553 cultura
1188 3502 1329 3567 agrorum

240 3564 282 3626 est
296 3565 448 3640 salutaris;
472 3562 518 3630 sed
533 3566 561 3626 δι
577 3562 787 3637 delectatione,
812 3583 902 3642 quarn
917 3564 989 3639 dixi,
1014 3560 1212 3629 &saturitate
1226 3573 1328 3653 copiti.

242 3674 302 3732 que
314 3652 450 3715 omnium
467 3671 579 3724 rerum,
601 3669 670 3729 quae
686 3648 720 3709 ad
738 3647 850 3709 viuum
867 3648 1039 3724 hominurn,
1055 3648 1091 3709 ad
1106 3651 1227 3717 cultura
1240 3658 1329 3731 etiarn

197 3740 365 3821 atticorum
385 3738 556 3817 pertinent:
582 3750 625 3809 ut,
647 3735 790 3812 quoniam
804 3734 870 3796 haec
885 3734 1008 3815 quidam
1023 3732 1200 3815 desiderant,
1215 3742 1248 3804 in
1263 3763 1329 3825 gra.

143 3881 146 3887 .
242 3825 315 3885 tiam
325 3828 388 3909 jam
411 3844 480 3885 cum
497 3820 648 3904 voluptate
672 3820 838 3884 redeamus.
884 3817 1007 3904 Semper
1021 3820 1103 3883 enim
1123 3821 1329 3893 boni'affidui.

109 3968 114 3977 ,
241 3930 300 3991 que
314 3910 428 3976 dontini
445 3907 551 3969 reserta
573 3906 647 3966 cella
663 3905 788 3979 vinaria,
810 3904 930 3989 olearia,
953 3906 1044 3969 etiam
1060 3910 1181 3993 penaria
1194 3912 1251 3989 est,
1277 3916 1328 3979 vil.

183 3990 187 3998 ’
242 3995 332 4071 laque
358 4011 421 4056 tota
446 3992 581 4072 locuples
596 3989 658 4061 est:
682 3991 813 4053 abundat
828 4012 932 4071 porco,
958 3992 1063 4061 hoedo.
1088 4016 1182 4077 agno,
1204 3999 1327 4085 gallina,

241 4078 330 4159 labie,
351 4078 447 4153 caseo,
469 4079 568 4143 melle.
614 4074 685 4156 Jarn
702 4077 822 4139 hortum
839 4073 891 4157 ipsi
907 4078 1046 4159 agricolae
1068 4080 1232 4147 succidiam
1258 4087 1328 4153 altc-

197 4187 304 4277 potam
320 4165 478 4244 appellant.
525 4164 705 4225 Conditiora
727 4162 799 4224 facit
820 4162 885 4225 haec
901 4162 1107 4245 supervacanei
1123 4170 1221 4249 operis
1237 4194 1324 4235 aucu-

262 4249 325 4332 ¹¹rra
341 4264 430 4350 atsur
445 4248 575 4332 renatis.
611 4245 694 4350 Qid
711 4248 747 4329 ds
767 4264 920 4353 pratorum
941 4250 1100 4347 tarditate,
1120 4270 1173 4334 ast
1186 4257 1323 4405 abutare

1245 4362 1279 4427 lis
1298 4365 1321 4423 t:
