2767 4800
184 289 259 365 ,ιο
371 249 707 340 accusent
744 225 1107 338 ercanonrs

231 410 359 477 marre.
402 407 463 473 Sed
475 409 547 494 quid
574 429 651 493 opus
674 407 716 472 esi
730 406 852 490 plural
880 408 944 495 jam
964 409 1047 476 enim
1076 407 1163 493 ipsius
1186 406 1337 476 Catonis
1379 409 1380 414 ’

229 498 326 562 sermo
337 495 496 578 explicabit
508 494 636 560 nostram
650 515 771 558 omnem
783 493 820 556 de
835 493 980 560 senectute
994 495 1177 562 sententiam.

274 581 320 646 ll.
334 581 406 668 Scip.
429 577 638 663 Saepenumerb
656 581 753 644 mirari
779 579 855 642 soleo
877 580 949 645 ciam
975 582 1032 645 boc
1056 577 1098 644 C.
1115 581 1229 658 balio,
1255 580 1332 646 taint

229 681 404 734 caeoetarum
418 682 517 733 tetum
531 682 613 730 tuam
626 665 832 741 excellentem,
851 663 903 732 Μ.
919 665 1010 742 Cato,
1025 666 1181 748 perletlam
1229 690 1252 730 e
1281 669 1332 729 sa-
1379 701 1380 704 π

229 756 386 838 pientiam,
407 751 531 816 tirmvel
550 751 696 830 maximi,
718 750 797 836 qubd
813 772 966 834 nunquam
984 751 1161 816 senestutem
1176 690 1232 816 tibi
1250 773 1336 839 gra·

230 862 299 903 von
312 836 370 904 else
383 837 536 916 senserim3
558 860 625 922 quae
642 837 786 921 plerisque
801 837 915 900 senibus
934 836 973 900 lic
988 837 1085 900 odiosa
1105 838 1158 914 esi,
1181 855 1214 901 ut
1240 857 1333 901 onus

209 926 260 1000 sse
275 923 371 988 AEtna
384 925 502 1007 gratius
514 924 617 990 ditant
630 921 779 990 sustinere.
824 921 900 988 Care.
916 920 994 986 Rem
1020 922 1097 987 baud
1117 923 1183 988 saue
1202 924 1332 990 diffici-

231 1013 305 1088 lem,
328 1009 472 1091 Scipio&
487 1007 575 1086 Laeli,
595 1009 730 1072 admirari
753 1007 913 1084 videmini,
937 1009 1044 1094 quibus
1065 1009 1146 1072 enirn
1162 1006 1238 1074 nibil
1255 1009 1333 1090 opis
1379 1009 1380 1044 f

230 1095 275 1163 eli
288 1097 321 1162 in
336 1093 401 1178 ipsis
417 1095 452 1158 ad
467 1095 541 1158 bene
555 1097 698 1178 beateque
709 1093 880 1170 vivendum,
895 1095 931 1158 iis
944 1097 1044 1158 omnis
1058 1097 1154 1179 gravis
1168 1094 1209 1159 ell
1219 1109 1328 1160 aetas:

230 1183 286 1266 qui
308 1179 407 1246 aute‘m
429 1181 532 1244 omnia
555 1179 774 1264 bonaaiseipsts
794 1195 910 1260 petunt,
932 1181 968 1243 iis
988 1180 1059 1244 nihil
1085 1181 1178 1264 potest
1199 1181 1329 1246 malurn

232 1269 339 1347 videri,
360 1267 442 1354 quod
456 1281 571 1331 nature
596 1267 745 1342 necesitas
766 1265 889 1342 alferat,
911 1289 973 1350 quo
996 1267 1028 1329 in
1042 1267 1150 1350 gerlere
1163 1269 1194 1330 in
1209 1266 1329 1349 primis
1379 1303 1380 1306 =

191 1353 275 1439 west
288 1353 441 1418 seneaus:
464 1374 557 1438 quam
572 1367 606 1416 ut
620 1350 819 1435 adipiscantur
840 1352 942 1416 olnnes
966 1368 1089 1434 optant;
1111 1353 1231 1415 eandem
1264 1375 1327 1416 ac-

232 1439 338 1505 cusant
358 1440 513 1522 adeptam
536 1453 619 1502 tanta
632 1437 704 1504 inest
723 1436 918 1503 inconstantia
942 1435 1074 1501 stultitiae
1093 1454 1177 1520 atque
1189 1459 1326 1520 perver-

231 1523 311 1590 sitas.
355 1523 510 1605 Obrcpe're
520 1526 604 1588 aiunt
614 1547 682 1590 eam
697 1525 786 1588 citius
798 1525 887 1608 quim
902 1521 1055 1606 putassent.
1102 1521 1231 1588 Primrim
1244 1524 1329 1606 quis

231 1612 335 1697 coegit
347 1631 399 1674 ωε
412 1611 514 1676 falsum
527 1611 651 1692 putare?
675 1611 728 1698 qui
743 1612 823 1674 enim
839 1609 927 1672 citlus
948 1608 1149 1673 adolescentiae
1172 1609 1326 1686 sentitus,

233 1719 325 1780 quam
338 1697 472 1779 pueritiae
485 1695 675 1760 adolescentia
688 1696 826 1778 obrepit?
848 1695 951 1759 deinde
962 1694 1014 1779 qul
1029 1695 1235 1780 minusgratis
1247 1695 1325 1761 ellet

102 1843 105 1848 .
191 1785 269 1862 15iis
284 1781 427 1859 funestus,
448 1779 759 1868 stosiin‘gentelimum
775 1803 886 1844 annum
908 1797 1040 1868 agerent,
1062 1781 1152 1866 quim
1167 1777 1325 1867 oc‘lofflii

234 1867 342 1934 mum?
365 1869 513 1950 praeterita
526 1870 607 1934 enim
621 1887 704 1945 aetas,
718 1868 853 1952 quamuis
864 1867 964 1950 longa,
973 1865 1218 1940 cumeffluxillet,
1233 1869 1324 1936 nulla

232 1955 434 2020 consolatione
457 1955 637 2037 permulcere
661 1953 751 2035 posset
773 1953 889 2018 stultam
912 1953 1096 2019 senestutem.
1119 1942 1322 2042 Q‘o‘c'ffcsfi

232 2041 402 2124 sapientiam
416 2063 514 2104 meam
539 2041 674 2104 admirari
696 2039 790 2104 soletis
806 2043 889 2124 (quae
903 2039 1018 2104 utinam
1041 2037 1133 2125 digna
1156 2037 1224 2102 esset
1246 2043 1320 2127 opi.

95 2189 98 2194 ,
235 2127 326 2191 nione
339 2123 445 2202 vestra,
466 2125 624 2210 nollroque
632 2125 827 2214 cognomine)
843 2129 873 2187 in
889 2123 944 2188 hoc
954 2125 1052 2189 sumus
1066 2125 1215 2207 sapientes,
1233 2125 1321 2209 quod

188 2224 368 2276 conaturam
383 2212 527 2294 optimam
551 2211 671 2286 ducem,
692 2227 832 2294 tanquam
851 2211 951 2288 deum,
972 2211 1130 2294 sequimur,
1150 2211 1239 2294 eique
1262 2234 1319 2294 pa·

232 2315 351 2361 matus:
376 2296 535 2378 riquinon
549 2283 706 2360 srffisrmile
719 2297 773 2374 est,
791 2317 862 2360 curn
878 2313 992 2364 caeterae
1012 2313 1107 2378 partes
1127 2295 1220 2360 aet'atis
1233 2295 1318 2362 bene

232 2383 382 2465 descriptae
406 2379 473 2460 suit,
493 2395 661 2447 extremum
685 2383 799 2463 aslum,
821 2398 962 2469 tanquam
981 2383 1018 2445 ab
1037 2383 1127 2467 inerti
1150 2398 1233 2465 poeta
1256 2381 1319 2449 ello

232 2468 423 2557 aeglesium:
448 2470 492 2533 sed
507 2467 726 2535 tamennecesse
736 2471 794 2533 suit
807 2464 863 2537 elle
879 2469 989 2554 aliquid
1004 2468 1227 2545 extremum&
1244 2485 1317 2531 ean.

234 2580 325 2641 quam
333 2558 479 2646 arborum
494 2554 607 2654 bajcis,
630 2572 776 2641 terraeque
790 2555 921 2639 frugibus
941 2556 1109 2621 maturitate
1131 2553 1318 2637 tempeslirrai,

187 2640 315 2725 asquali
331 2644 444 2707 vietum
462 2641 671 2710 &caducumt
696 2640 776 2724 quod
800 2640 951 2705 ferendum
970 2638 1011 2703 esi
1030 2640 1157 2705 molliter
1169 2642 1292 2727 sapienti
1308 2668 1321 2717 3

235 2728 307 2811 quid
319 2728 398 2791 enim
413 2727 455 2791 eli
468 2726 546 2792 aliud
560 2727 715 2812 gigantum
739 2746 822 2791 more
835 2726 941 2793 bellare
959 2746 1028 2789 cum
1045 2725 1112 2803 diis,
1134 2724 1184 2789 nili
1196 2738 1317 2791 namra

234 2811 420 2897 repugnare?
445 2812 518 2881 Lael.
541 2814 649 2897 Atqui,
673 2811 764 2887 Cato,
783 2813 973 2899 gratissimum
989 2812 1087 2891 nobis,
1112 2825 1144 2877 ut
1156 2812 1243 2875 etiam
1258 2836 1317 2897 pro

5 2917 9 2933 ·
93 2951 96 2956 ⁴
209 2968 215 2980 ¹
235 2898 376 2985 Scipione
390 2898 538 2983 pollicear,
559 2897 673 2973 feceris,
693 2896 728 2975 fi,
750 2899 895 2982 quoniam
916 2898 1072 2981 speramus,
1094 2896 1227 2961 volumus
1241 2899 1315 2981 qui.

234 2985 303 3049 clem
318 2984 504 3060 certb,'scnes
518 2982 592 3061 ficri,
614 2999 684 3048 ante
699 2984 795 3049 multo
817 2986 833 3047 i
848 2998 876 3047 te
889 2984 1091 3067 didicerimus,
1104 2984 1210 3067 quibus
1222 2984 1313 3047 sacil-

186 3070 308 3163 '30limir
323 3070 483 3134 rationibus
494 3070 742 3153 ingravescentem
757 3086 873 3138 aetatem
893 3070 966 3133 ferre
977 3070 1124 3151 pollimus.
1158 3069 1233 3134 cm.
1248 3068 1312 3139 Fa·
1379 3100 1380 3103 ¹

100 3190 105 3209 ι
234 3160 315 3221 ciam
329 3178 410 3232 vero,
433 3154 530 3230 Laeli3
552 3155 708 3237 prasertim
724 3154 746 3222 st
761 3157 877 3237 utrique
890 3154 1029 3233 vestrum,
1043 3170 1077 3219 ut
1090 3154 1174 3231 dicis,
1192 3170 1311 3239 gratum
1379 3158 1380 3173 ¹

232 3245 366 3308 futurum
378 3240 430 3306 cst.
469 3240 542 3324 scip.
562 3240 710 3304 Volumus
725 3241 802 3317 sani,
824 3238 878 3305 nist
892 3240 1048 3303 mblestum
1061 3238 1116 3319 eli,
1137 3239 1225 3317 Cato,
1240 3256 1312 3305 tan-

233 3330 325 3424 quim
341 3328 471 3414 aliquam
485 3329 564 3389 viam
586 3324 707 3411 longam
722 3326 896 3403 confeceris,
912 3348 1002 3408 quam
1023 3328 1107 3391 nobis
1128 3348 1242 3411 quoque
1259 3327 1310 3397 in.

231 3415 425 3509 gradiendum
438 3414 485 3488 srt,
507 3411 593 3490 illuc,
615 3414 677 3495 qub
692 3413 856 3495 pervenisti,
878 3412 975 3477 videre
989 3414 1077 3498 quale
1091 3411 1134 3483 lit.

277 3499 334 3565 lll.
358 3502 436 3565 Coto.
460 3496 595 3574 Faciam,
617 3513 651 3560 ut
664 3514 778 3581 potero,
800 3498 898 3577 Lali,
917 3500 993 3583 ¹saepe
1006 3500 1085 3562 enim
1101 3498 1216 3562 interfui
1230 3520 1307 3583 que-

230 3586 298 3661 relis
314 3608 449 3650 meorum
470 3586 646 3669 aequalium,
668 3603 750 3668 pares
770 3602 868 3653 autem
888 3606 958 3649 cum
979 3586 1108 3667 paribus,
1130 3584 1218 3649 veteri
1235 3606 1306 3665 prn-

230 3674 344 3751 verbio,
366 3671 504 3746 facillime
515 3689 744 3757 congregantur,
766 3664 835 3755 quae
845 3668 886 3739 C.
903 3668 1061 3749 Salinator,
1075 3682 1142 3755 quae
1158 3668 1206 3752 Sp.
1220 3670 1305 3735 Albi.

232 3780 301 3837 nus,
315 3758 451 3823 homines
465 3756 654 3833 Consulares,
668 3754 756 3820 nostri
771 3756 831 3827 sere
842 3756 986 3839 aequales,
999 3756 1149 3857 deplorare
1162 3756 1307 3835 toletam,
1379 3810 1380 3815 ,

206 3844 299 3944 gtrim
320 3844 402 3929 quod
424 3843 623 3924 voluptatibus
644 3858 788 3921 carerent,
810 3840 870 3915 line
889 3844 999 3928 qulbus
1019 3858 1110 3904 urtam
1127 3842 1234 3907 nullam
1249 3866 1306 3927 pu-

127 4002 133 4014 ,
229 3945 342 3995 tarent:
366 3930 431 3995 tirm
453 3926 534 4013 qubd
549 3929 745 4009 spernerentur
759 3928 795 3991 ab
810 3930 857 4007 iis,
879 3926 1016 4011 iquibus
1028 3926 1118 3999 essent
1131 3929 1189 3995 coli
1204 3928 1305 4007 solitis
1379 3988 1380 4015 ,

229 4015 281 4099 qui
297 4018 370 4080 mihi
382 4038 443 4080 non
457 4016 488 4080 id
501 4015 674 4079 videbantur
687 4014 834 4095 accusare,
843 4014 925 4099 quod
933 4012 1000 4078 esset
1009 4012 1223 4095 accusantium
1236 4038 1305 4083 nam

230 4101 295 4177 frid
309 4102 398 4185 culpi
421 4100 577 4167 senecintis
592 4099 749 4178 accideret,
770 4102 871 4166 eadem
891 4101 963 4165 mihi
985 4100 1035 4163 usu
1058 4100 1219 4179 evenirent,
1238 4104 1304 4167 reli.
1379 4090 1380 4147 l

230 4186 353 4287 quilque
365 4187 504 4260 omnibus
524 4186 684 4285 majoribus
710 4202 798 4259 natu:
823 4208 949 4279 qnorum
970 4206 1028 4271 ego
1047 4184 1209 4255 multorum
1232 4209 1303 4273 cog.

996 4291 1015 4365 3
1078 4294 1082 4301 ·
1238 4276 1304 4346 mat
