2767 4800
433 307 505 394 Ad
553 299 1075 446 LECTOREM.

210 471 425 584 Asconium
437 499 667 592 Pedianum,
687 499 855 582 Paulum
871 499 1128 595 Manutium,
1143 497 1339 612 aliosque

83 673 91 692 κ
210 635 381 722 melioris
412 650 513 716 notae
541 633 774 741 Interpretes
811 631 976 727 secutus,
1016 631 1256 724 utiliffima,
1290 647 1341 712 ut

210 761 439 872 plurimum,
479 785 609 847 rernm
632 750 802 872 ipsorum
821 761 1114 873 verborumque
1130 745 1135 752 ’
1149 757 1340 872 Exposi-

210 892 332 984 tione,
354 891 584 978 Lesloribus
596 889 769 1000 prodesse
784 890 923 1002 malnit
937 888 1043 999 [plus
1060 910 1212 972 tamen
1236 913 1338 998 pro·

210 1019 380 1122 futurus,
410 1020 505 1100 fiab
524 1021 602 1102 istis
623 1021 905 1132 Interpretibus
923 1019 1180 1102 doctioribus
1204 1019 1337 1098 rarius

211 1145 466 1260 discessisses]
507 1149 614 1254 Qid
641 1167 772 1228 autem
791 1145 940 1228 inobis
959 1145 1185 1257 praestitum
1206 1144 1339 1226 fuerit

212 1278 346 1387 paucis
369 1279 515 1387 accipe.
574 1277 710 1359 Habes
729 1275 937 1387 imprimis,
962 1277 1123 1368 Ledor,
1147 1276 1337 1359 Librum

211 1409 320 1491 hunc
339 1409 528 1506 nostrum,
554 1405 651 1490 licet
670 1433 751 1486 non
771 1405 1153 1500 emendatissimum,
1177 1400 1334 1484 Paris·

213 1542 293 1624 enfi
326 1557 458 1628 tamen
492 1535 610 1646 long&
640 1535 961 1624 emendatiorem.
1020 1534 1164 1616 Habes
1199 1533 1333 1612 etiam

212 1672 526 1760 Divinationem,
548 1669 598 1756 C,
620 1665 841 1760 Rabirium,
861 1664 1097 1758 Mumnam,
1120 1661 1330 1783 Coelium.

215 1819 334 1909 atque
353 1799 549 1890 Pisonem,
580 1794 788 1874 Orationes
807 1788 1022 1878 admoditm
1035 1794 1259 1903 jucundas,
1287 1790 1331 1870 ὅσ

216 1931 366 2039 semper
385 1931 425 2009 ἃ
445 1923 614 2014 multllm
633 1925 821 2023 laudatas,
850 1952 937 2034 quae
956 1941 1087 2017 tamen
1107 1946 1331 2032 nunquam

215 2059 393 2140 antehac·
412 2058 513 2135 inter
539 2052 691 2134 selestas
711 2053 842 2162 pofitae
871 2051 1037 2135 fuerant.
1096 2047 1325 2144 Caeterlrm,

216 2219 311 2274 curn
340 2189 381 2266 in
410 2184 676 2276 Divinatione,
706 2181 859 2278 Pisone,
889 2202 1005 2293 atque
1033 2183 1195 2266 Milone
1226 2181 1326 2294 pul·

217 2317 411 2403 cherrima
431 2315 572 2406 multa,
606 2309 784 2425 quaedam
803 2329 935 2398 autem
962 2313 1080 2424 paulo
1097 2313 1326 2405 difficiliora

216 2463 437 2535 occurrant,
467 2444 508 2521 in
538 2440 660 2548 iisque
685 2439 924 2547 explicandis
944 2440 1159 2525 feliciffime
1179 2444 1322 2523 elabo,

219 2575 359 2661 raverit
380 2570 585 2663 Asconius,
611 2571 876 2676 Interpretum
893 2572 1075 2653 omnium
1095 2572 1321 2680 antiquisli·

220 2731 309 2795 mus
326 2703 458 2809 longe,
483 2684 812 2805 clariffimusque;
846 2726 926 2782 non
945 2699 1213 2787 inconsultum
1232 2698 1320 2779 sore

220 2830 458 2945 putavimus,
489 2854 539 2908 ex
565 2826 704 2920 eodem
733 2826 974 2934 potissimum
995 2825 1167 2908 Asconio
1185 2826 1318 2909 Notas

223 2944 405 3071 quasdam
420 2952 627 3061 perbreves
640 2953 680 3037 in
693 2950 1319 3062 locailla'obseuriorsadjunxisse»

223 3088 272 3167 de
301 3084 442 3193 quibus
471 3078 667 3171 “aGallico
693 3080 921 3198 Interprete·
937 3099 1004 3161 aut
1032 3078 1132 3172 nihil
1166 3083 1320 3194 prorsus

224 3215 279 3301 est
297 3212 459 3305 dictum,
490 3226 556 3289 aut
583 3206 717 3299 saltem
739 3210 806 3320 p'x
830 3208 917 3290 satis
943 3206 1129 3293 dilucide.
1188 3210 1316 3291 Deni-

225 3370 302 3453 que
321 3338 486 3421 Milonis
503 3320 799 3447 Argnmentum
814 3336 1096 3428 Asconianum,
1115 3364 1209 3419 cum
1226 3337 1317 3449 plu·

226 3474 326 3553 rima
353 3466 564 3557 contineat,
595 3494 682 3575 quae
704 3465 799 3545 alibi
823 3464 962 3547 frustra
980 3464 1208 3575 quaefiveris,
1237 3490 1318 3547 non

226 3594 356 3683 minlrs
372 3614 503 3679 tamen
531 3594 580 3674 ad
603 3594 819 3675 universam
837 3620 973 3677 eorum
991 3614 1216 3705 temporum
1234 3598 1315 3677 Hi·

225 3729 396 3821 storiam,
426 3751 546 3833 quam
578 3724 624 3803 ad
652 3714 883 3804 Orationem
912 3722 1024 3806 islam
1057 3724 1317 3811 illustrandam

153 3958 159 3970 ι
226 3853 442 3943 necessaria,
469 3852 666 3957 integrum
685 3850 766 3965 hic,
798 3852 1039 3962 praelongum
1056 3850 1162 3952 licet,
1194 3883 1316 3967 appo·

225 3982 401 4064 nendum
432 3980 664 4063 curavimus.
724 3980 843 4065 Nihil
879 3982 1008 4081 restat,
1049 3981 1204 4082 Lector,
1247 3984 1313 4067 nisi

225 4112 327 4218 sorte
346 4110 537 4237 Analysm
567 4112 814 4196 Parifiensem
839 4112 915 4207 tibi
938 4110 1063 4195 deeffe
1086 4115 1313 4223 conquestos

1067 4293 1071 4299 -
1168 4242 1310 4336 fuerin
