2767 4800
182 208 412 285 orario
438 230 522 282 iro
550 208 596 281 r.
618 207 812 283 Annio
848 167 1094 284 unone,
1119 221 1123 232 ·
1148 237 1220 315 335

50 368 184 435 oenie,
206 380 251 421 ree
273 358 334 441 ipsa
358 358 554 441 loqueretur3
586 357 689 421 omnia
714 356 796 433 falsa,
825 370 915 438 atque
945 354 1080 422 insidiosi
1104 355 1173 425 fitia
1199 379 1218 443 7

52 460 238 525 comperta
254 444 333 507 sunt.
1200 468 1216 512 1

123 526 222 592 Xtv.
244 526 372 613 Quodsi
385 542 485 590 tamen
501 528 644 591 metuitur
655 528 746 589 etiam
761 550 843 590 nunc
860 524 953 601 Milo,
966 549 1027 589 non
1040 529 1172 613 hocjam

54 610 271 677 Clodianum
284 615 397 677 crimen
411 617 563 688 timemus,
578 614 622 674 sed
635 630 714 689 tuat,
722 612 782 676 Cn.
794 614 941 695 Pompeii,
960 618 1006 698 (te
1019 616 1172 699 enimjam

57 699 201 783 appello
216 702 252 761 ed
267 721 353 775 uoce,
377 714 409 761 ut
425 720 472 759 me
487 701 589 762 audire
609 696 709 779 pollis)
727 717 805 774 tuas,
826 717 902 773 tuas,
918 702 1054 781 inquam,
1077 702 1169 781 suspi-

54 784 185 847 ciones
200 786 458 865 perhorrescimus·
503 784 534 845 Si
557 782 709 846 Milonem
732 786 833 858 times,
859 784 978 847 sthunc
993 788 1028 844 de
1043 788 1094 847 tui
1109 786 1170 848 vitri
1196 806 1217 873 ς

58 868 195 939 nefarie
206 886 261 934 aut
277 892 358 933 nunc
373 871 516 953 cogitare,
532 884 583 929 aut
599 868 738 931 molitum
755 870 916 955 aliquando
932 870 1042 953 aliquid
1059 886 1169 955 putas3

59 954 91 1017 fi
111 952 212 1017 Italiae
228 956 396 1030 'deledlun
413 971 446 1017 ut
463 954 597 1017 nonnulli
615 952 828 1036 conquilitores
845 956 887 1019 tui
902 955 1052 1030 dit‘litant,
1066 954 1087 1017 li
1104 959 1171 1020 haec

58 1038 222 1117 arma,·st
245 1039 428 1121 Capitolinae
444 1042 596 1115 cohortes,
618 1038 639 1101 st
661 1041 808 1116 excubiae,
833 1040 993 1124 srvigiliae,
1016 1038 1035 1101 si
1055 1041 1171 1104 deletla

56 1128 237 1223 juventus,
253 1148 324 1209 quae
339 1141 427 1188 tuum
442 1146 551 1209 corpus
566 1127 754 1208 domumque
765 1125 905 1201 custodit,
919 1143 1025 1187 contra
1040 1122 1169 1191 Milonis

59 1228 229 1292 impetum
245 1228 358 1275 armata
371 1210 423 1285 est,
445 1226 533 1291 atque
560 1210 609 1273 illa
635 1214 737 1272 omnia
760 1213 789 1272 in
811 1212 895 1273 hunc
911 1233 1004 1272 unum
1020 1208 1166 1292 instituta,
1177 1241 1217 1291 10

60 1314 195 1379 parata,
222 1298 339 1361 intenta
354 1298 435 1359 lunt:
452 1308 561 1379 magna
572 1297 603 1359 in
620 1297 678 1358 hoc
693 1292 773 1358 certi:
789 1297 844 1371 uis,
860 1298 888 1358 δι
904 1296 1085 1361 incredibilis
1099 1301 1167 1362 ani·

64 1402 162 1454 mun,
186 1383 217 1445 δι
235 1405 297 1445 non
308 1383 403 1445 unius
419 1382 472 1444 viri
488 1383 564 1445 vires
576 1397 670 1467 atque
685 1399 758 1461 opes
775 1382 954 1457 indicantur,
980 1380 1122 1461 siquidem
1139 1385 1170 1449 in

62 1466 165 1531 hunc
175 1490 270 1535 unum
284 1470 313 1531 dt
329 1466 577 1549 praellantiffimus
593 1468 655 1529 dux
670 1466 842 1549 elediuob&
857 1482 918 1529 tota
934 1465 1097 1547 respublica
1119 1490 1169 1530 ar-

66 1572 163 1615 mata
178 1552 222 1617 est
278 1550 335 1614 Sed
361 1555 429 1636 quis
451 1573 513 1613 non
531 1552 683 1635 intelligit,
698 1557 806 1629 omnes*
821 1552 871 1614 tibi
888 1551 1057 1632 reipublicae
1073 1570 1169 1634 partes

67 1660 177 1721 aegras
190 1640 219 1701 δι
231 1639 377 1715 labantes,
389 1655 418 1698 ut
429 1658 477 1697 eas
488 1636 532 1697 his
545 1639 632 1697 armis
644 1636 758 1697 sanares
769 1636 796 1699 δι
806 1634 1071 1708 confirmares,eile
1082 1660 1166 1703 corn·
1176 1672 1190 1716 1
1195 1673 1215 1739 ς

66 1722 202 1785 missas?
229 1724 321 1805 Qriid
344 1723 365 1786 fi
381 1720 502 1787 Miloni
519 1722 601 1783 locus
617 1720 702 1783 datus
716 1719 797 1796 effer,
812 1722 956 1803 probasset
970 1722 1101 1804 profesto
1114 1725 1168 1788 tibi

65 1806 147 1889 ipsi,
171 1812 324 1872 neminem
342 1828 476 1889 unquam
498 1810 651 1871 hominem
668 1808 785 1870 homini
799 1810 943 1869 cariorem
961 1804 1052 1883 fulde,
1076 1808 1168 1891 quim

69 1908 106 1955 te
124 1893 200 1958 libi:
222 1894 340 1960 nullum
357 1896 384 1955 se
406 1914 541 1976 unquam
558 1892 724 1974 periculum
741 1914 794 1973 pro
808 1893 861 1954 tui
882 1894 1027 1976 dignitate
1043 1892 1167 1976 sugillet

66 2000 153 2043 cum
177 1980 229 2043 ilia
254 1980 319 2061 ipsa
341 1982 491 2041 teterrimi
505 1978 516 2015 '²
530 1977 605 2058 peste
621 1978 771 2059 saepissime
785 1976 838 2060 pro
854 1983 904 2040 tui
926 1976 1021 2062 glorizi
1036 1976 1179 2043 conten-¹
1202 2008 1207 2018 ·

70 2063 166 2125 diti‘e:
194 2067 380 2127 tribunatum
390 2064 473 2127 suum
485 2066 520 2129 ad
533 2062 654 2126 salutem
670 2083 779 2139 meam,
793 2086 863 2146 quae
875 2066 928 2127 tibi
941 2065 1102 2127 chariffima
1118 2065 1215 2148 [ιι-ῃ

72 2148 157 2225 ilict,
180 2150 310 2213 consiliis
327 2152 384 2212 tuis
399 2152 618 2234 gubernatumt
643 2149 671 2211 se
685 2148 702 2209 i
717 2165 747 2211 te
762 2148 860 2230 postea
875 2150 1025 2213 defensum
1042 2150 1072 2213 in
1088 2154 1167 2233 peri-

72 2235 150 2297 culo
165 2237 284 2320 capitis,
300 2236 436 2321 adjutum
452 2237 482 2297 in
498 2236 642 2317 petitione
653 2232 813 2301 Praetutae:
838 2235 912 2297 duos
928 2236 954 2298 se
969 2235 1075 2297 habere
1091 2238 1167 2299 sem·

74 2340 145 2407 per·
155 2323 346 2389 amicissimos
363 2319 492 2404 sperasse,
518 2338 548 2385 te
562 2335 616 2383 tuo
636 2319 796 2395 beneficio,
819 2343 866 2380 me
889 2321 962 2396 iu0;
984 2344 1051 2404 quae
1068 2319 1088 2382 fi
1104 2344 1167 2383 non

64 2408 240 2488 ”probaretz
265 2405 287 2470 st
313 2408 366 2470 tibi
394 2411 432 2468 ita
459 2408 578 2490 penitus
600 2405 771 2468 ‘insedill‘et
796 2405 848 2470 illa
873 2408 1010 2488 sulpicio,
1034 2408 1118 2469 nullo
1133 2427 1166 2470 ut
1195 2402 1201 2432 '¹

73 2492 166 2554 euelli
194 2493 287 2556 modo
309 2481 419 2574 pollet3
442 2491 463 2554 si
484 2495 613 2575 denique
638 2491 723 2554 ltalia
737 2491 754 2552 zi
768 2491 898 2566 deletio,
921 2493 989 2553 urbs
1004 2495 1041 2553 ab
1064 2495 1210 2593 armis,25

72 2573 139 2638 fine
153 2575 286 2650 Milonis
308 2579 403 2650 clade,
427 2599 583 2660 nunquam
607 2575 675 2648 eliet
699 2577 923 2660 conquietum3
947 2599 985 2638 ne
1007 2577 1059 2640 ille
1084 2579 1163 2650 haud

74 2663 221 2729 dubitans
236 2659 357 2726 ceffiliel
377 2665 484 2745 patrii,
507 2665 543 2740 is,
566 2663 619 2754 qui
645 2663 686 2726 ita
708 2679 797 2728 natus
811 2660 865 2741 est,
887 2661 973 2726 &ita
988 2664 1163 2751 consuevit3

193 2903 209 2932 ²
224 2891 317 2953 ccilcm·
329 2893 429 2957 milites.
589 2891 713 2955 '’Clodio.
750 2882 752 2886 ⁸
867 2894 974 2970 ‘infixa
985 2897 1048 2972 effer.

74 3141 152 3188 utere
169 3139 268 3187 Romani
287 3155 326 3200 pro
343 3137 440 3185 maximo
460 3135 563 3194 crimine,
591 3137 606 3183 fi
670 3153 691 3196 7.
715 3135 838 3198 captiua
864 3137 974 3203 cohortem]
1008 3139 1114 3187 enims
1138 3144 1161 3191 ie

74 3206 157 3268 quisse
168 3203 279 3256 nudell'et,
297 3205 332 3250 led
349 3203 406 3248 illiue
421 3203 556 3262 improbitate
567 3203 607 3248 Se-
637 3200 743 3261 Capitolio
758 3204 893 3262 ponebantur
910 3207 935 3250 ad
955 3204 1012 3250 urbia
1029 3207 1161 3266 pnefidium,

75 3274 155 3318 namrie
168 3271 228 3317 Milo
238 3269 331 3315 conflue*
342 3269 383 3322 est,
402 3279 427 3314 ut
437 3269 449 3312 i
461 3265 483 3312 se
494 3267 549 3313 tanti
560 3266 606 3313 ste·
635 3265 689 3312 elim
700 3266 809 3312 seditionis
819 3268 939 3327 perieulum
951 3279 996 3313 erat
1006 3271 1097 3329 aliquod.
1136 3269 1140 3275 “

67 3337 124 3382 *letis
132 3333 281 3398 suspitionem
292 3343 421 3380 removeret.
672 3344 681 3376 1
688 3347 710 3394 ς.
724 3331 818 3393 Qeidfi
826 3330 926 3395 Miloni]
943 3333 1000 3378 Milo
1011 3334 1077 3379 veuit
1089 3335 1161 3381 uenire

107 3416 133 3447 a.
150 3399 275 3446 wem
290 3393 391 3458 crinem]
409 3395 499 3442 Crimen
518 3395 605 3440 Clodia-
636 3395 661 3440 ad
682 3395 823 3455 Pompeium,
839 3396 861 3442 in
881 3395 958 3452 torui,
979 3398 1068 3455 per'tuii
1086 3399 1161 3456 cauri,

76 3481 132 3512 num
142 3465 208 3520 dicit,
225 3465 282 3525 quod
292 3463 395 3523 objicitur
408 3462 434 3506 de
450 3463 509 3507 erede
528 3460 606 3515 Clodii,
636 3468 822 3505 commorantem:
836 3461 871 3506 sed
880 3477 917 3521 per
925 3462 1069 3522 propinquum
1081 3465 1161 3510 nunci-

75 3531 111 3590 qui
129 3529 185 3576 etim
200 3526 318 3590 justiffime
338 3525 422 3573 occisus
439 3525 475 3582 rit,
500 3524 556 3572 nihil
574 3525 606 3572 est
637 3523 682 3570 anit
691 3525 720 3578 ei,
731 3529 790 3568 need
800 3525 821 3570 se
829 3525 921 3581 veniret,
934 3539 958 3570 ut
968 3525 1033 3570 refert
1041 3527 1159 3576 Asconius.

74 3595 132 3656 quod
146 3593 208 3639 Milo
218 3603 327 3639 vereatur.
669 3603 709 3636 ἕο.
726 3585 861 3652 Defensunj
879 3589 914 3635 De
931 3589 952 3632 vi
973 3591 1082 3636 accusetur
1094 3593 1160 3649 Milo,

107 3674 131 3716 4.
149 3653 347 3724 nemorosam]
373 3655 449 3702 Cicero
476 3671 520 3704 non
541 3655 607 3702 timet
635 3653 758 3714 postsuum
774 3651 1161 3716 tribunatumiPompeiodeinsue
1239 3682 1251 3690 -

76 3723 158 3769 Miloni
176 3736 262 3782 propter
280 3719 422 3768 interfectum
437 3719 448 3766 i
461 3721 481 3767 se
493 3721 605 3774 Clodium,
634 3719 682 3776 est5
699 3719 722 3764 in
734 3731 802 3777 quem
812 3718 919 3766 dicentem
937 3715 950 3763 i
967 3718 1077 3768 Clodianis
1088 3721 1160 3781 impe.

76 3787 111 3838 sed
123 3797 211 3847 propter
221 3785 354 3848 suspiciones
371 3801 422 3846 qum
439 3785 555 3846 Pompeius
565 3784 606 3830 ha·
635 3781 804 3828 tussediusest.
922 3793 929 3808 ·

76 3852 130 3907 buit,
142 3850 155 3896 i
166 3851 253 3897 Milone
263 3862 344 3911 paratae
354 3849 392 3896 nbi
404 3849 489 3896 insidiae
500 3849 571 3897 fuiil‘e.
666 3863 708 3893 ιι.
723 3847 748 3894 ‘T
744 3864 755 3893 e
770 3844 829 3911 τη]
858 3846 975 3908 Pompeius
991 3847 1100 3894 benefitio
1121 3850 1160 3898 sihi

108 3915 131 3963 6.
150 3917 299 3980 Conqufiiorer
315 3913 369 3976 tui]
397 3914 556 3974 conquisitores
573 3911 605 3958 illl
633 3909 744 3958 Milonem
754 3912 889 3967 devinxerat,
906 3928 957 3958 eum
969 3928 1020 3958 eum
1030 3913 1136 3961 defendit.

77 3981 134 4036 sunt,
152 3980 198 4026 sire
209 3979 308 4035 lidioree,
325 3979 369 4041 sive
386 3979 493 4035 satellites,
511 3979 553 4024 five
565 3992 605 4026 ex·
664 3977 700 4022 ib.
712 3977 754 4023 Me
761 3975 823 4041 sun]
843 3977 1161 4028 MifobeneficioCieemnem

77 4047 194 4107 pieratoree
215 4045 305 4106 quibus.
314 4043 396 4106 aliquid
418 4043 516 4091 muneris
537 4054 575 4088 aut
591 4037 605 4088 ἰ
633 4041 744 4096 affecerat,
755 4043 806 4102 quie
817 4042 863 4102 ejus
875 4042 898 4088 in
908 4044 986 4090 urbem
1001 4045 1161 4096 revocationem

78 4111 183 4166 curtiule,
195 4119 236 4158 aut
247 4111 273 4158 ab
284 4109 355 4172 aliquo
365 4109 488 4170 magistratu
499 4106 606 4156 commis·
633 4105 753 4167 piuriuiun
765 4105 882 4165 adjuverat.

79 4175 177 4230 sinicii.

1120 4302 1164 4381 iel
