2767 4800
171 359 246 438 5²4
377 333 435 410 M.
467 333 706 412 TULLII
738 331 1104 408 CICERONIS

214 472 315 561 postea
334 469 387 536 M.
402 468 551 554 Lepidum
566 471 670 535 eodem
686 469 849 547 sacerdotio
862 471 1021 554 praeditum
1037 471 1193 538 vidimus?
1218 471 1307 556 Qtid

213 563 253 624 de
269 557 373 635 Paulo,
402 574 455 620 aut
469 559 618 621 Asticano'
628 555 753 640 loquat?
779 574 843 635 aut,
868 557 974 645 utjam
990 573 1071 638 ante,
1087 561 1125 622 de
1140 557 1309 623 Maximo?

239 667 347 708 uorum
362 665 425 709 non
440 645 472 707 in
487 645 632 707 sententis
650 641 759 720 sulum,
783 641 828 706 sed
843 645 934 706 etiam
950 646 982 711 ia
997 661 1073 708 nutu
1088 644 1237 709 desidebat
1254 666 1311 708 au·

168 668 348 828 ,logoritas
385 727 485 792 Habet
496 729 642 803 tentetis,
661 732 807 790 honorata
819 729 991 809 praesertim,
1011 745 1127 796 tantam
1143 731 1310 794 aussorita·
1330 729 1336 748 ⁸

215 833 290 893 tem,
306 831 341 878 ut
354 835 390 876 ea
403 816 496 896 plittis
511 813 557 892 stt,
569 837 659 898 quam
675 833 782 878 omnes
798 813 1004 880 adolescentiae
1020 816 1196 899 voluptates.

171 936 187 984 1
258 899 383 967 xvlll.
408 899 465 964 Sed
488 903 520 964 in
540 901 625 964 omni
646 901 782 962 oratione
805 919 1000 976 mementote,
1022 923 1089 965 eam
1113 925 1161 966 me
1184 899 1311 965 laudare

214 987 412 1065 sensdlutem,
424 1007 492 1070 quae
503 986 706 1050 fundamentis
722 984 928 1063 adolescentiae
940 985 1102 1050 constituta
1113 985 1166 1052 lit:
1191 1009 1227 1050 ex
1245 1004 1309 1072 quo

213 1075 245 1144 id
256 1075 397 1150 efficitur,
422 1075 502 1158 quod
518 1095 576 1158 ego
590 1093 702 1156 magno
721 1073 875 1156 quondam
889 1094 959 1135 curn
977 1071 1088 1136 assensu
1103 1076 1244 1138 omnium
1260 1075 1310 1136 di-

214 1161 266 1224 xi:
290 1155 430 1244 Miseram
444 1157 492 1242 effe
503 1158 681 1243 seneclutem,
703 1153 803 1240 qaaese
817 1159 936 1221 eratione
949 1157 1119 1246 defenderet:
1142 1181 1207 1223 non
1220 1160 1307 1232 cani,

168 1280 191 1346 5
215 1268 278 1312 non
289 1267 371 1330 ruga:
383 1242 506 1325 repente
520 1243 729 1306 austoritatsm
742 1243 867 1324 arripere
885 1243 1022 1325 poll'unt3
1046 1245 1092 1308 sed
1105 1243 1228 1309 honelld
1240 1245 1310 1306 aila

214 1331 346 1414 superior
363 1347 435 1393 aetas
450 1330 565 1392 studius
577 1330 658 1408 capit
668 1328 854 1392 ausloritatis
866 1347 1025 1392 extremos.
1063 1331 1231 1395 Haecenim
1245 1328 1310 1410 ipsa

214 1418 286 1482 sunt
300 1417 496 1493 honorabilia,
521 1436 590 1498 quae
603 1416 742 1478 uidentur
765 1413 841 1476 levia
856 1431 945 1498 atque
958 1417 1144 1492 communia,
1168 1416 1309 1490 salutari,

213 1503 327 1588 appeti,
349 1503 464 1576 decedi,
486 1499 605 1585 assurgi,
627 1501 747 1577 deduci,
778 1501 892 1578 reduci,
922 1501 1055 1564 consuli:
1081 1523 1150 1586 quae
1171 1501 1200 1564 h
1220 1503 1302 1584 apud

215 1609 284 1666 nos,
306 1588 382 1650 &in
398 1588 461 1650 aliis
476 1589 658 1662 ciuitatibus,
681 1603 859 1670 utquisque
879 1583 993 1668 optimis
1018 1605 1147 1664 morata,
1170 1589 1212 1649 ita
1232 1586 1304 1650 dili-

173 1674 382 1761 10gentilsims
392 1675 593 1736 observantur.
615 1669 803 1756 Lysandrum
821 1669 1099 1750 Lacedaemonium,
1114 1675 1203 1758 cujus
1215 1673 1309 1735 modo

216 1761 402 1823 mentionem
415 1760 485 1832 feci,
505 1759 602 1820 dicere
618 1759 702 1820 aiunt
720 1757 849 1832 solitum,
865 1756 1083 1820 Lacedaemone
1094 1759 1149 1821 elle
1162 1759 1308 1821 honestis·

214 1845 322 1910 simum
341 1841 530 1908 domicilium
549 1843 728 1905 senectutis:
752 1842 899 1925 nusquam
920 1843 1001 1906 enim
1024 1861 1141 1907 tantum
1164 1847 1311 1906 tribuitur

216 1932 312 2005 aetati,
334 1933 481 2016 nusquam
506 1927 548 1990 est
572 1928 707 1990 seneelus
730 1931 922 1992 honoratior:
946 1931 1128 2014 quinetiam
1153 1931 1310 1993 memorias

217 2017 366 2098 proditum
382 2015 437 2092 ell,
459 2037 531 2078 curn
548 2015 690 2088 Athenis,
715 2013 803 2088 ludis,
824 2015 946 2098 quidam
974 2016 1005 2080 in
1021 2017 1171 2080 theatrum
1186 2017 1308 2100 grandis

173 2117 291 2202 15natu
304 2100 435 2178 uenisset,
448 2103 479 2164 in
494 2121 606 2186 magno
617 2099 749 2164 consessu
762 2098 864 2162 locum
880 2101 906 2161 ei
921 2099 938 2162 *a
954 2101 1011 2164 suis
1028 2101 1143 2164 civibus
1157 2103 1310 2185 nusquam

216 2187 335 2248 datum:
353 2185 425 2248 edm
442 2205 539 2248 autem
552 2189 586 2248 ad
601 2183 848 2248 Lacedaemonios
864 2184 1031 2262 accessisset,
1053 2189 1120 2272 qui,
1133 2185 1207 2252 calm
1219 2187 1310 2274 legati

215 2269 319 2347 essent,
342 2291 425 2333 certo
440 2274 471 2336 in
487 2271 557 2332 loco
570 2270 777 2346 consederant,
799 2269 1009 2348 consurrexisse
1023 2295 1142 2349 omnes,
1162 2271 1194 2334 dt
1209 2274 1308 2336 senem

216 2356 305 2423 illum
318 2357 422 2421 sellum
437 2354 587 2443 recepisse:
604 2356 798 2438 quibuscum
814 2355 951 2445 icunslo
961 2355 1092 2421 consessu
1104 2357 1227 2441 plausus
1240 2355 1310 2423 esset

217 2444 377 2526 multiplex
390 2446 489 2521 datus,
511 2440 610 2506 dixisse
625 2444 712 2505 exiis
727 2444 891 2526 quendam,
918 2445 1117 2509 Athenienses
1139 2446 1215 2509 scire
1239 2466 1308 2529 quae

171 2528 410 2619 ,oreslielsenn
426 2530 473 2593 sed
488 2530 585 2593 facere
600 2528 690 2590 nolle.
729 2527 831 2592 Multa
844 2530 874 2593 in
887 2528 988 2595 nostro
1004 2528 1134 2614 'collegio
1145 2530 1287 2613 praeclara
1296 2556 1308 2609 ς

217 2615 264 2677 sed
281 2618 352 2691 hoc,
366 2617 403 2678 de
418 2636 479 2698 quo
493 2616 621 2699 agimus,
638 2612 795 2695 imprimls,
817 2614 910 2699 quod,
931 2631 965 2678 ut
978 2615 1103 2704 quisque
1117 2632 1209 2679 aetate
1222 2634 1309 2681 ante·

150 2704 163 2745 ⁸
216 2702 309 2775 cedit,
330 2702 370 2765 ita
386 2701 538 2766 sententiae
553 2699 755 2782 principatum
770 2715 873 2776 tenet,
898 2722 995 2789 neque
1013 2700 1108 2771 solim
1122 2702 1242 2765 honore
1256 2726 1310 2767 au·

216 2786 437 2863 tecedentibus,
458 2786 505 2849 sed
520 2788 555 2849 iis
569 2787 673 2861 etiam,
688 2786 739 2876 qui
755 2806 826 2847 cum
843 2786 968 2867 imperio
983 2786 1063 2864 sunt,
1089 2780 1220 2873 majorss
1236 2804 1309 2855 natu

217 2892 345 2958 augures
357 2887 591 2953 anteponuntur.
637 2867 719 2951 Quae
731 2870 801 2933 sunt
811 2872 902 2959 igitur
914 2872 1080 2953 voluptates
1091 2875 1227 2957 corporis
1239 2896 1309 2937 cum

169 2956 402 3060 25ausloritatis
415 2958 546 3039 praemiis
558 2958 787 3038 comparanda?
812 2959 921 3040 quibus
941 2960 994 3043 qui
1007 2958 1157 3039 splendide
1172 2956 1216 3021 usi
1228 2960 1309 3037 sunt,

218 3044 238 3105 ii
253 3044 326 3105 mihi
343 3044 483 3105 uidentur
507 3044 639 3105 fabulam
660 3044 754 3104 atatis
776 3040 927 3127 peregisse,
956 3063 1014 3105 nec
1029 3044 1172 3128 tanquam
1190 3046 1310 3108 inexer-

215 3130 300 3191 citati
316 3126 485 3203 histriones,
508 3130 540 3191 in
552 3143 688 3192 extremo
704 3128 772 3191 adlu
786 3128 935 3192 corruill'e.
981 3130 1026 3197 At
1046 3132 1113 3198 sunt
1137 3130 1260 3209 morosi,
1279 3128 1309 3192 dt

216 3215 308 3289 anxii,
332 3214 527 3287 &iracundi,
553 3214 731 3277 &difficiles
746 3214 842 3291 senes,
867 3212 887 3277 st
902 3214 1075 3297 quaerimus,
1098 3216 1191 3279 etiam
1209 3220 1309 3280 avari:

215 3301 264 3362 sed
280 3302 345 3368 haee
361 3320 479 3362 morum
494 3299 566 3360 vitia
586 3301 665 3374 sunt,
683 3320 748 3362 non
760 3298 926 3363 sene'dlutis.
964 3301 1012 3362 Ac
1024 3298 1178 3363 morositas
1194 3317 1310 3379 tamen,
1374 3326 1375 3337 ¹

169 3385 246 3495 30&
260 3407 295 3447 ea
310 3386 394 3463 vitia,
410 3400 480 3465 quae
491 3384 566 3460 dixi,
581 3386 695 3449 habent
710 3384 821 3469 aliquid
834 3384 1047 3461 excusationis,
1061 3406 1124 3447 non
1141 3380 1225 3449 illius
1240 3389 1311 3470 qui-

216 3470 395 3558 demjustae,
418 3470 464 3533 sed
479 3490 549 3553 quae
567 3474 684 3551 probari
700 3469 779 3553 posse
793 3471 949 3533 videatur:
973 3471 1130 3534 contemni
1145 3470 1172 3533 se
1188 3488 1310 3555 putant,

215 3558 338 3639 despici,
362 3556 466 3619 illudi:
490 3571 630 3638 posterea
652 3558 683 3617 in
699 3556 796 3641 fragili
811 3578 936 3638 corpote
954 3554 1055 3618 odiosa
1069 3558 1169 3622 omnis
1185 3556 1310 3621 offensio

216 3642 273 3706 cst:
298 3658 366 3725 quae
381 3646 486 3704 tamen
493 3643 597 3703 omnia
607 3640 741 3703 dulciora
753 3642 819 3704 sunt
830 3642 859 3705 δι
872 3642 1004 3703 moribus
1027 3640 1114 3705 bonls
1129 3641 1161 3703 dt
1175 3641 1307 3710 artibirs:

216 3726 311 3811 idque
325 3726 391 3790 tdm
409 3727 439 3789 in
455 3728 528 3800 viti,
555 3726 620 3789 tiam
642 3726 673 3789 ln
695 3725 782 3789 scens
797 3727 924 3811 intelligi
938 3725 1031 3809 potell
1054 3748 1092 3801 ex
1105 3728 1140 3789 iis
1154 3729 1309 3805 fratribus,

218 3818 270 3899 qui
288 3815 321 3877 in
332 3811 478 3893 Adelphis
496 3813 578 3875 sunt:
594 3830 709 3895 quanta
719 3812 751 3875 in
763 3812 857 3875 altero
869 3812 993 3888 duritaS,
1006 3810 1036 3877 iu
1049 3813 1144 3877 altero
1155 3816 1287 3877 comitas
1300 3812 1308 3875 l
1372 3876 1373 3899 Ξ

218 3900 268 3963 Sic
282 3899 311 3962 se
325 3920 370 3963 res
386 3899 494 3962 habet:
518 3914 552 3958 ut
565 3902 646 3959 enirn
662 3918 726 3960 non
741 3920 832 3961 omne
846 3898 965 3971 uinum,
987 3896 1027 3961 stc
1043 3920 1106 3962 non
1121 3902 1223 3963 omnis
1237 3916 1310 3963 aetas

214 3984 360 4049 vetustate
369 3984 530 4048 coacescit:
556 3981 740 4045 seueritatem
754 3984 785 4046 in
795 3984 945 4053 serseslure
958 3986 1065 4065 probo,
1077 3984 1123 4047 sed
1135 4005 1218 4061 eam,
1233 3984 1309 4049 sicut

214 4071 287 4145 alia,
301 4071 469 4145 modicam,
486 4069 677 4131 acerbitatem
692 4068 778 4131 nullo
791 4070 895 4131 modo:
913 4070 1034 4132 avaritia
1043 4070 1114 4133 veri)
1123 4070 1224 4133 senilis
1235 4072 1308 4154 quid

215 4158 267 4219 sibi
290 4156 374 4231 velit,
396 4178 459 4217 non
480 4152 638 4250 intellig03
662 4153 758 4234 potest
773 4156 853 4219 enirn
874 4156 1041 4238 quidquam
1063 4153 1119 4217 else
1142 4156 1306 4233 absurdus,

168 4240 322 4347 40quim,
344 4239 522 4331 quominus
538 4261 593 4311 rtae
606 4240 707 4327 restat,
730 4241 767 4305 eh
782 4240 848 4335 plus
863 4241 968 4315 viatici
980 4236 1138 4333 quaererel

1092 4321 1185 4403 XlX,
1203 4324 1306 4410 Quat,
