2767 4800
164 314 213 390 xii
367 305 424 382 M.
452 299 693 382 TULLII
739 301 1091 386 CICERONIS

161 481 257 546 quam
271 451 373 522 srusiri
387 453 451 516 tote
464 449 561 518 estote
574 471 653 534 oppu
677 464 776 515 natam
789 425 989 535 biemeeepit
1011 451 1129 518 Bellum
1141 437 1327 530 Creticum

164 546 285 645 publici
298 538 470 626 austeritate
483 536 501 612 ὅ
515 537 563 624 Q
577 535 634 602 Me
684 559 705 602 ο
718 535 895 606 Proconsule
906 554 1084 604 renovatum
1096 539 1147 604 est.

318 675 509 790 Annus
540 719 707 784 unets
740 719 1133 790 commeream.

167 872 237 966 Cuffi
271 870 424 958 Caljlurnio
449 867 641 970 PisoneM
662 867 761 970 ⁸Acilio
788 867 951 949 Glabrione,
978 887 1044 937 ente
1076 872 1221 973 silvistum
1253 876 1318 944 66.

542 955 682 1020 Cicerones
696 955 927 1043 quodagestmus.

208 1089 993 1178 TriariuslegatusLuculli&Minridnevieusestm
999 1091 1316 1175 capteRomanorum

165 1177 269 1246 cestra.
293 1181 451 1262 Pompeius
462 1179 571 1242 bellum
587 1174 748 1243 Piraticum
763 1177 903 1242 confecit.
936 1176 1006 1241 Hoc
1020 1200 1101 1244 anno
1118 1181 1237 1246 licitum
1249 1185 1318 1250 fuit

165 1265 307 1332 Ciceroni
324 1280 483 1348 praeturam
492 1279 600 1346 petere,
614 1283 721 1347 nempe
734 1262 855 1326 biennio
867 1262 930 1345 post
937 1263 1121 1339 aedilitatem
1138 1266 1314 1334 licetmul·

166 1370 214 1416 tus
227 1353 345 1415 baberet
356 1351 576 1433 competitores,
585 1348 691 1430 eosque
702 1349 779 1411 viros
789 1345 929 1427 illustres3
939 1364 1039 1434 tamen
1047 1352 1159 1431 primus
1167 1373 1207 1416 ex
1216 1353 1313 1435 osto,

166 1439 297 1534 quitum
311 1435 432 1518 fiebant,
446 1433 611 1502 incredibili
620 1434 710 1498 totius
722 1433 823 1518 populi
832 1434 984 1500 voluntate
995 1436 1248 1504 renunciatusest.

323 1625 517 1696 Annus
549 1623 716 1690 unuts
748 1624 1032 1694 commen·
1062 1627 1137 1714 ⁶87.

169 1755 238 1870 off
255 1766 307 1864 Μ
330 1774 444 1840 AEmrn
467 1771 583 1872 repo,
604 1770 640 1834 e.
658 1771 779 1837 nean
795 1771 884 1853 run,
905 1790 971 1839 aare
987 1776 1128 1864 carnin
1141 1775 1192 1860 ⁶5.
1208 1777 1306 1844 nn.

519 1880 595 1923 roms
610 1859 831 1946 quadrageſsmus
840 1860 960 1946 primus.

210 1981 260 2046 Ad
280 1979 431 2046 Kalendas
454 1977 610 2064 Januarias
636 1995 795 2063 prreturam
819 1981 885 2047 iniit
900 1980 1080 2071 ciceron&
1093 1983 1246 2066 questioni
1260 1985 1303 2048 de

166 2068 303 2156 pecuniis
328 2067 494 2150 repetundis
519 2066 644 2149 praesuit.
688 2065 809 2148 Judieia
833 2065 913 2132 caste
936 2069 1108 2154 integreque
1135 2072 1298 2136 exercuit:

168 2153 340 2216 enimenim
364 2151 500 2216 Licinius
522 2151 640 2229 Macer,
662 2153 713 2234 qui
736 2151 865 2216 multum
889 2152 1058 2218 incivitate
1077 2168 1200 2236 poterat,
1220 2155 1302 2239 apud

166 2259 236 2302 eum
256 2235 326 2302 esset
349 2236 499 2300 accusatus
523 2238 559 2300 de
578 2237 713 2318 pecuniis
736 2238 913 2319 repetundis,
935 2239 964 2304 dt
985 2236 1089 2304 Crasso
1106 2255 1229 2321 petrono
1246 2241 1300 2304 ille

165 2339 309 2401 uteretur,
331 2323 466 2392 omnium
491 2322 640 2405 sententiis
655 2323 810 2386 damnatus
834 2323 884 2390 est.
912 2323 1003 2409 'Quo
1022 2345 1059 2393 ex
1068 2326 1182 2414 judicio
1201 2325 1299 2398 multis

168 2412 312 2558 map'orem
328 2408 460 2475 studium
475 2429 512 2473 ex
532 2408 632 2493 populi
648 2407 862 2473 existimatione
884 2411 974 2492 cepit,
996 2412 1086 2493 quim
1102 2433 1140 2475 ex
1156 2410 1252 2494 ipsius,
1272 2412 1299 2481 si

167 2495 315 2561 abolutus
339 2492 422 2573 esset,
445 2496 542 2580 gratis
570 2492 748 2577 percepisset.
792 2491 876 2558 Cium
899 2497 970 2559 verb
991 2495 1138 2561 Manilius
1162 2498 1296 2564 tribunus

168 2581 260 2664 plebis
274 2582 371 2665 legem
385 2578 602 2665 promulgasset,
625 2594 658 2659 ut
676 2578 786 2643 bellum
801 2576 1040 2656 Mithridaticum
1055 2581 1196 2664 Pompeio
1209 2604 1297 2649 corn·

166 2666 343 2744 mitteretur,
357 2668 446 2748 eique
461 2666 677 2729 adversarentur
691 2664 739 2746 Q
754 2662 926 2729 Hortenfius
940 2666 970 2730 bt
985 2664 1123 2745 Catulus,
1138 2669 1192 2731 viri
1207 2666 1295 2749 Con.

167 2752 297 2830 solares,
334 2754 443 2815 Cicero
465 2750 580 2827 Praetor
604 2772 670 2815 earn
695 2746 778 2815 suafit
804 2752 861 2815 haic
889 2752 1034 2830 oratione,
1064 2774 1132 2840 quae
1155 2754 1294 2840 prolege

164 2836 295 2902 Manilit
310 2835 486 2900 inscribitur.
530 2834 673 2901 Defendit
711 2835 809 2935 noque
825 2837 949 2900 Avitum
970 2834 1145 2902 Cluentium
1158 2837 1290 2903 ueneficii

165 2920 672 3089 llllllllflsllm,
688 2920 929 3080 llssnslll
945 2920 1291 3091 inlisisinlisis&

165 3096 213 3157 nis
236 3092 443 3191 frequentavit.
488 3089 632 3155 Extremo
653 3091 749 3155 mense
771 3094 858 3180 hujus
880 3093 963 3168 anni,
985 3091 1054 3159 cum
1074 3092 1212 3159 Ciceroni
1231 3095 1239 3110 '

166 3180 292 3243 biduum
321 3194 375 3241 aut
396 3178 526 3243 triduum
554 3193 690 3265 praeturae
710 3176 872 3261 superesset,
901 3178 1064 3243 Manilium
1085 3180 1204 3262 quidam
1222 3116 1290 3245 ὦ

165 3265 241 3345 epud
267 3264 361 3347 ipsum
389 3262 553 3347 pullulavit.
600 3262 741 3325 Studebat
763 3262 892 3327 Manilio
913 3264 1053 3345 populus,
1074 3264 1154 3349 quod
1177 3281 1289 3348 propter

163 3347 339 3433 Pompeium
354 3348 481 3414 accusari
497 3348 655 3418 videretur.
693 3346 777 3413 Ciam
793 3348 883 3433 igitur
893 3345 1038 3411 Manilius
1051 3372 1143 3414 unum
1154 3350 1227 3413 diem
1236 3372 1287 3435 pe·

166 3434 264 3512 tiisset,
279 3455 315 3497 ac
329 3432 439 3509 Cicero
451 3433 568 3497 tantitm
584 3434 785 3518 insequentem
801 3432 929 3512 dedisset,
944 3436 1068 3517 populus
1080 3434 1199 3521 indigni
1206 3436 1284 3503 tulit:

163 3521 246 3603 quod
263 3542 328 3583 mos
339 3520 418 3597 essct,
434 3536 467 3583 ut
480 3520 583 3583 decem
595 3519 754 3582 minimum
765 3518 826 3581 dies
840 3513 983 3582 Praetores
998 3522 1054 3585 teis
1064 3521 1174 3585 darent.
1204 3520 1285 3605 Qua-

164 3626 196 3670 re
212 3604 368 3687 prodamus
385 3608 416 3671 in
432 3605 609 3669 concionem
625 3605 642 3666 b
656 3604 781 3668 tribunis
794 3604 899 3687 plebis,
921 3604 1023 3688 ibique
1035 3607 1197 3684 accusatus,
1216 3608 1281 3677 crim

163 3688 288 3775 togiffet
309 3708 342 3753 ut
364 3692 508 3767 audirent,
529 3691 617 3768 dixit,
640 3691 678 3769 se,
701 3690 751 3773 qui
775 3692 805 3754 in
822 3710 886 3753 reos
906 3689 1027 3773 semper,
1048 3693 1192 3775 quamnim
1210 3692 1282 3777 leges

161 3776 376 3861 permitterent,
397 3777 492 3841 comis
513 3777 543 3839 bt
556 3778 702 3841 humanus
715 3772 820 3851 suisset,
843 3774 998 3859 indignum
1010 3774 1163 3864 judicasse,
1183 3798 1237 3840 non
1250 3798 1281 3838 e-

161 3862 270 3945 undem
285 3862 312 3923 se
330 3861 456 3924 Manilio
469 3862 612 3945 praeliare.
648 3860 752 3943 Itaque
765 3861 792 3928 ei
805 3860 897 3933 diem,
920 3882 1011 3947 quem
1024 3884 1117 3926 unum
1131 3860 1275 3927 Pretorio

163 3952 213 4015 sui
227 3946 365 4030 potestate
379 3948 509 4023 baberet,
523 3946 620 4009 dediti
635 3948 724 4028 opera*
735 3944 935 4027 praefinivill'e:
958 3946 1030 4012 cinn
1041 3970 1101 4011 non
1118 3945 1152 4010 sn
1164 3950 1220 4036 ejus
1232 3948 1278 4031 qui

163 4034 204 4099 rei
230 4032 347 4097 causam
371 4032 506 4120 zdjuvare
519 4032 600 4111 uelit,
621 4032 657 4093 ad
678 4034 769 4095 alium
783 4030 984 4114 magistratum
995 4034 1145 4120 judicium
1161 4036 1275 4119 rejicere.

162 4120 232 4187 Hie
254 4119 385 4181 oratione
399 4119 490 4181 animi
504 4118 604 4201 populi
619 4119 659 4181 ita
678 4122 852 4180 commutati
867 4117 944 4196 sunt,
965 4136 999 4182 ut
1018 4115 1193 4181 Ciceronem
1219 4120 1278 4181 totis

164 4202 431 4268 acclamationibus
446 4202 587 4285 prosecuti
603 4219 753 4285 rogarent,
775 4219 809 4265 ut
824 4200 944 4265 Manilii
957 4203 1153 4285 patrocinium
1169 4204 1277 4284 suscipe.

161 4306 231 4367 tet,
253 4290 332 4372 quud
356 4289 405 4357 ille
427 4288 586 4373 presertim
610 4288 649 4355 ob
671 4287 848 4371 Pompeium
874 4289 1020 4355 absentem
1042 4288 1149 4371 cupidb
1172 4294 1274 4369 recepit,

886 4410 892 4421 .
1201 4394 1272 4460 mag·
