2767 4800
209 236 422 346 3102?
472 227 1055 332 nunciatus
1145 277 1215 357 949

68 393 108 459 se
132 393 352 471 contulerunt;
374 394 450 472 uit,
472 397 526 478 qui
550 418 650 461 rerum
663 399 839 484 cognitione
853 397 1049 481 dodlrinique
1062 397 1172 482 delec-¹

70 496 205 556 tantur3
229 481 259 545 dt
273 483 306 553 ii,
329 483 380 564 qui
395 484 480 546 suunt
496 486 650 566 negotium
661 500 771 566 gerunt
785 483 886 547 otiosi:
902 483 1049 567 poslremb
1060 487 1093 563 ii,
1108 489 1163 570 qui

69 564 106 628 se
124 577 206 628 toton
220 566 406 630 tradiderunt
419 568 636 649 voluptatibus,
650 568 712 630 stne
726 569 857 632 amicitiai
872 570 962 634 vitam
978 569 1032 634 esse
1049 565 1163 637 nolam

66 649 234 726 sentiunt„
249 649 270 714 st
284 654 376 716 modi>
390 651 485 716 velint
498 654 600 735 aliqui
614 673 656 714 ex
666 669 748 736 parte
761 655 922 720 liberaliter
932 656 1051 730 vivere,
1072 655 1162 737 serpit

67 735 161 798 enim
172 736 272 798 nescio
282 738 438 820 quomodo
448 759 500 820 per
509 738 646 802 oninium
655 740 729 802 vitas
741 739 870 802 amicitia
879 759 892 800 :⁴
911 761 968 804 nec
980 739 1076 804 ullum
1085 755 1208 830 ata-15

68 820 278 916 tia-degenda
300 825 448 886 rationem
464 823 575 903 patitur
592 821 649 884 else
672 841 822 906 expertem
838 823 893 888 sui.
938 823 1162 902 Quinetiamst
1213 888 1215 894 ,

66 924 148 988 quae
162 908 197 968 ei
214 907 368 987 asperitate
381 903 424 970 esl
437 908 467 970 dr
481 909 670 972 immanitate
684 925 808 988 nature,
829 931 889 973 con
912 909 1000 973 celsus
1014 927 1046 975 ut
1060 913 1162 974 bomi-

66 991 263 1076 numsugiat
276 1009 366 1076 atque
377 995 484 1067 oderit,
506 993 627 1076 qualem
638 991 725 1061 ⁴suiise
736 994 865 1058 Athenis
877 931 1046 1059 'simonem
1062 991 1172 1061 nescio'

66 1096 171 1155 quern
184 1079 374 1159 accepimus,
396 1081 536 1142 tamenin
551 1081 610 1159 pati
626 1099 690 1142 non
705 1081 800 1160 possit,
823 1095 933 1142 utnon
949 1079 1088 1166 anquirat
1102 1081 1159 1144 ali-

64 1181 184 1241 quem,
206 1164 285 1242 apud
311 1184 403 1244 quem
425 1178 545 1227 evomat
566 1163 646 1226 virua
671 1165 839 1226 acerbitatis
864 1165 934 1229 sune.
978 1166 1082 1249 Atque
1097 1169 1209 1236 bocas

63 1245 208 1320 maxime
217 1247 416 1330 judicaretur,
437 1245 458 1309 st
474 1248 547 1332 quid
556 1247 617 1308 tale
627 1245 718 1329 posset
731 1248 919 1333 contingere,
934 1263 968 1312 ut
981 1250 1088 1334 aliquit
1104 1272 1160 1315 noa

66 1329 197 1396 deuaex
211 1333 267 1394 bac
281 1334 440 1395 bominum
454 1333 620 1415 frequentia
636 1331 765 1408 tolleret,
780 1333 809 1396 dr
825 1335 856 1396 in
872 1333 1031 1398 solitudine
1046 1337 1158 1424 uspiam

65 1415 259 1491 collocaret,
270 1435 358 1498 atque
369 1419 410 1480 ibi
419 1419 607 1499 suppeditans
621 1420 760 1480 omnium
770 1439 881 1494 rerum,
891 1441 966 1500 quaa
983 1437 1088 1484 natura
1103 1423 1158 1483 de·

67 1497 195 1576 fiderat,
218 1502 473 1566 abundantiam&
488 1503 618 1585 copiam,
640 1504 772 1566 hominia
786 1504 912 1566 omnini)
927 1506 1087 1587 aspicienrfi
1102 1528 1157 1586 po·

66 1583 213 1650 testatem
236 1589 382 1670 eriperem
403 1589 472 1671 quis
501 1605 562 1650 tam
585 1586 655 1650 esset
676 1589 797 1664 ferreus,
819 1590 872 1671 qui
888 1609 953 1650 eam
973 1589 1065 1654 vitam
1081 1593 1204 1682 serre25

66 1669 180 1752 posset,
190 1673 303 1754 cuique
311 1695 374 1735 non
383 1675 512 1737 auferret
520 1672 653 1736 studium
663 1672 851 1752 voluptatum
861 1675 997 1736 omnium
1009 1675 1155 1740 solitudo?

66 1755 193 1820 Verum
207 1779 281 1842 ergo
292 1757 366 1821 illud
381 1757 435 1833 est,
450 1758 531 1840 quod
546 1755 747 1837 i'sarentino
760 1757 907 1844 Arch'yti,
918 1777 950 1820 ut
962 1761 1082 1840 opinor,
1096 1761 1156 1830 dici

64 1841 209 1918 solitum,
231 1840 346 1907 notros
360 1843 441 1907 senet
455 1851 692 1906 commemorare
707 1841 818 1917 audivi,
833 1845 870 1906 ab
884 1842 947 1905 aliia
969 1843 1084 1912 senibus
1099 1866 1156 1908 au-

65 1927 173 1990 ditum
186 1947 196 1990 t
220 1924 251 1990 Si
263 1929 331 2012 quia
343 1927 374 1991 in
383 1929 497 1990 coelum
509 1925 692 2003 ascendisset,
704 1943 900 2009 naturamque
911 1932 1029 2006 mundi,
1044 1929 1073 1992 δι
1085 1928 1156 2011 pul·
1231 1960 1234 1966 ·

67 2012 280 2077 claritudinem
294 2005 421 2077 siderum
438 2012 634 2095 perspexisset,
657 2014 809 2074 insuavem
825 2013 906 2075 illam
930 2016 1154 2078 admirationem
1162 2042 1206 2112 30
1312 2039 1314 2044 ·
1379 2047 1380 2054 ¹

66 2098 100 2160 ei
122 2097 201 2176 sore,
222 2119 290 2178 quae
305 2099 519 2185 jucundiffima
542 2097 651 2174 suisset,
678 2096 702 2160 st
724 2099 858 2178 aliquem
878 2097 925 2160 cui
948 2119 1079 2162 narraret
1101 2101 1154 2161 ha-

64 2181 175 2248 buisse.
220 2181 271 2260 Sic
286 2199 394 2248 natura
408 2183 570 2246 solitarium
586 2181 662 2246 nihil
682 2198 774 2266 amat,
799 2183 973 2265 semperque
986 2185 1022 2248 ad
1034 2186 1156 2268 aliquod

64 2283 217 2351 tanquam
242 2268 462 2332 adminiculum
489 2269 651 2336 annititur:
675 2268 758 2350 quod
781 2268 813 2330 in
838 2270 1011 2333 amicissimo
1032 2291 1157 2356 quoque

65 2349 273 2420 dulcillinium
288 2351 340 2418 est.

112 2436 244 2504 XXIV.
264 2439 322 2503 Sed
346 2438 419 2505 crim
433 2453 480 2504 tot
501 2438 591 2523 signia
605 2436 707 2500 eadem
731 2451 836 2501 natura
851 2437 991 2517 declaret,
1014 2440 1084 2521 quid
1100 2462 1153 2503 ve-

65 2524 118 2602 lit,
140 2526 291 2609 anquirat,
314 2524 474 2599 desideret3
496 2519 729 2587 obsurdescimus
745 2541 845 2585 tamen
862 2523 961 2585 nescio
979 2526 1152 2605 quomodit;

65 2632 130 2675 nec
151 2633 199 2689 ea,
220 2632 290 2695 quae
313 2612 352 2675 ab
380 2614 415 2675 eri
437 2630 607 2682 monemur,
629 2606 789 2672 audimus?
820 2604 866 2669 est
894 2608 974 2671 eninr
1003 2609 1101 2671 rarius
1122 2610 1153 2673 dr

65 2696 228 2778 tnr'dtiplex
242 2695 312 2761 usus
323 2696 477 2771 amicitia,
500 2693 666 2774 multaque
679 2694 776 2757 causae
796 2692 994 2773 suspicionum
1009 2692 1150 2759 ofsensio-

65 2780 350 2881 nunrquedantur:
374 2796 526 2862 quantum
539 2780 661 2852 euitare,
683 2793 748 2841 turn
763 2778 889 2852 elevare,
912 2792 976 2841 tum
996 2780 1083 2855 serre,
1105 2780 1150 2851 sa·
1178 2796 1201 2868 ς

67 2869 183 2950 pientia
196 2865 255 2930 est:
281 2889 343 2929 una
362 2866 416 2931 illa
427 2863 607 2931 sublevanda
625 2860 750 2925 offensio
764 2860 817 2936 esl,
840 2878 872 2924 at
887 2860 916 2923 δι
932 2864 1039 2927 veritas
1055 2865 1087 2925 in
1116 2888 1149 2927 a·

65 2954 199 3029 micitii,
220 2952 251 3015 dr
271 2950 343 3014 siden
359 2951 540 3024 retineatur3
563 2968 633 3011 nam
656 2946 842 3013 &monendi
858 2938 946 3009 amici
970 2948 1045 3027 saepe
1069 2950 1150 3029 sunt,

65 3036 98 3106 ἃ
120 3037 317 3121 objurgandi:
341 3035 371 3098 dt
393 3036 460 3099 bate
482 3034 654 3116 accipienda
678 3031 787 3107 amice,
809 3032 880 3093 crim
894 3031 1037 3095 benevoli
1058 3031 1149 3098 liunt.

66 3120 127 3185 Sed
143 3112 244 3186 nescio
256 3122 415 3207 quomodo
428 3140 532 3187 verum
546 3116 600 3195 esi,
623 3116 706 3202 quod
719 3117 753 3181 in
768 3118 886 3181 Andriai
897 3118 1047 3181 familiaria
1063 3140 1148 3183 meus

62 3207 158 3276 dicit:
1155 3225 1199 3271 ιιι

301 3287 465 3377 Obsequium
477 3290 586 3366 amitat,
607 3287 714 3353 veritas
727 3286 817 3353 odiant
826 3286 915 3371 parit.

63 3374 200 3441 Molesta
214 3377 333 3453 veritae,
355 3375 518 3461 siquidem
539 3396 577 3438 ex
596 3377 633 3437 eat
656 3372 785 3436 nascitur
796 3374 912 3449 odium,
935 3372 1016 3453 quod
1035 3370 1077 3440 eil
1094 3395 1146 3435 ve-

63 3483 183 3529 nenum
200 3462 363 3539 amicitiae,
385 3462 432 3526 sed
452 3462 629 3544 obsequium
640 3456 738 3519 multo
760 3456 922 3532 molestius,
945 3458 1025 3539 quod
1041 3478 1148 3539 pecca·

65 3550 106 3613 tia
117 3548 291 3632 indulgent,
303 3548 486 3630 praecipitem
501 3548 631 3611 amicum
646 3544 715 3605 serti
730 3540 813 3619 sinit,
829 3543 958 3609 maxima
972 3544 1148 3605 autemcul-

63 3654 104 3715 pa
118 3634 150 3699 in
161 3630 263 3710 coeli,
283 3634 336 3717 qui
351 3631 544 3696 &veritatem
559 3630 740 3711 aspernatur,
762 3622 792 3689 dr
807 3628 838 3690 in
854 3626 988 3689 sraudem
1003 3628 1146 3711 obsequio
1156 3650 1166 3697 r
1173 3650 1196 3719 q
1245 3640 1261 3700 f

62 3718 241 3800 impellitur.
286 3717 401 3783 Omnis
425 3720 516 3803 igitur
529 3718 587 3780 bic
601 3716 633 3777 in
648 3734 681 3776 re
701 3712 837 3775 habenda
854 3712 929 3774 ratio
947 3710 1148 3796 &diligentia

63 3801 127 3866 est:
150 3801 296 3885 primaint,
318 3818 353 3866 ut
373 3804 503 3867 monitio
519 3799 694 3876 acerbitate,
713 3798 820 3861 deinde
836 3812 870 3861 ut
883 3796 1056 3882 objurgatio
1068 3788 1145 3861 edu·

63 3888 190 3958 tumeliai
204 3902 326 3961 carecta
345 3889 377 3953 in
391 3886 537 3972 obsequio
550 3900 664 3959 autem,
685 3884 830 3965 qnoniam
849 3880 1039 3945 Terentiano
1054 3884 1152 3949 verbo

63 3972 207 4040 lubenter
221 3968 581 4051 utimur,comitraadsrt;
596 3968 913 4056 assentatio,vitiorunr
924 3964 1065 4052 adjutrix,
1075 3990 1149 4049 pro·
1176 3986 1182 3991 ·

64 4056 414 4142 calamaneumque
440 4076 504 4121 nnn
533 4054 625 4132 modi)
644 4056 757 4127 amico,
780 4052 826 4115 sed
848 4072 888 4115 ne
908 4052 1003 4117 libero
1024 4054 1198 4135 quidemn,

62 4143 156 4229 digna
175 4142 238 4207 cst:
260 4144 443 4211 aliteranirn
454 4144 526 4206 'curn
548 4156 693 4226 tyranno,
713 4138 797 4203 aliter
816 4157 887 4200 cum
911 4138 1010 4201 amico
1025 4139 1145 4202 vivitur.

60 4227 161 4325 Cujut
175 4244 277 4298 autem
297 4250 384 4301 aurea
398 4228 516 4303 ueritati
528 4224 638 4382 cinga
655 4222 736 4312 sant,
759 4238 792 4293 ut
806 4222 845 4289 ab
859 4223 958 4292 amico
970 4238 1074 4293 retum
1084 4242 1144 4379 qu·

240 4334 243 4339 ·
378 4320 384 4329 ‘
624 4328 647 4385 ο
670 4327 692 4382 a
1105 4326 1150 4373 tre
1277 4344 1280 4352 .
