2767 4800
279 242 513 323 οιιΑτιο
545 268 586 319 ιι
625 244 671 319 L.
699 244 973 321 Pisonen.
1136 261 1206 351 αις

50 410 106 473 tur,
128 394 268 459 uirtutis
299 397 445 470 eontinet,
473 393 503 456 dr
527 392 632 465 officii,
661 390 691 454 δι
716 394 792 455 bene
815 392 931 456 vivendi
956 392 1161 476 disciplinam:

49 504 140 562 quarn
164 481 225 567 qui
249 480 425 565 profitetur,
449 481 646 563 gravissimam
663 480 738 541 mihi
755 476 891 543 sustinere
912 480 1062 563 personam
1077 483 1160 547 vide·

50 586 106 631 tuf.
829 600 833 605 ’
1184 590 1207 637 0

90 650 121 715 Χ
126 650 168 717 ll.
199 652 267 715 sed
288 652 366 715 idem
383 650 463 713 casus
480 650 561 713 illum
578 650 714 733 ignarum
737 650 809 733 quid
828 649 1022 732 profiteretur,
1045 651 1117 717 clun
1132 588 1183 717 se9

48 738 273 821 philosophum
289 736 343 801 effe
363 738 484 812 diceret,
508 736 590 798 istius
606 737 808 817 impurissima
822 754 910 818 atque
924 740 1160 819 intemperantis-

47 822 126 887 srmae
142 826 285 906 pecudis
310 846 402 885 coeno
424 822 452 886 δι
474 822 603 883 sordibus
627 823 818 904 inquinavit:
841 824 892 905 qui
915 824 1091 888 modbcdm
1112 846 1159 888 rea

49 909 143 992 gestas
161 910 350 974 consulatus
366 908 424 970 mei
441 906 626 969 collaudasset
642 910 725 991 (quae
739 908 862 989 quidem
882 909 1011 971 laudatio
1028 911 1158 974 hominis

48 996 212 1077 turpiffimi
233 997 314 1059 mihi
332 994 382 1077 ipsi
396 1008 458 1055 erat
471 992 545 1075 pene
559 992 667 1075 turpIs)
692 992 766 1055 Non
783 993 843 1054 ulla
857 994 923 1071 tibi,
947 996 1057 1078 inquit,
1076 997 1156 1059 invi·
1180 1017 1203 1086 ς

49 1084 94 1144 dia
105 1084 240 1160 nocuit,
260 1080 308 1145 sed
324 1081 419 1143 versus
432 1080 485 1142 tui.
519 1076 623 1140 Nimis
637 1100 746 1161 magna
759 1100 862 1159 poena,
876 1096 907 1141 te
922 1078 1064 1159 Consule,
1078 1102 1155 1147 con.

50 1165 151 1228 stituta
176 1166 242 1241 est,
268 1166 327 1229 sive
351 1164 431 1229 rnalo
452 1168 551 1244 po'e'ta,
579 1162 636 1226 sive
662 1164 764 1227 libero.
811 1163 952 1248 Scripsrsti
974 1170 1055 1230 enim
1076 1164 1155 1233 CE-

51 1250 194 1321 DANT
213 1250 358 1315 ARMA
373 1246 534 1313 TOGAE.
561 1250 642 1330 Qrid
656 1250 745 1311 tum?
763 1248 839 1313 Haec
850 1272 895 1313 res
904 1253 957 1313 tibi
968 1252 1078 1315 fluetus
1088 1254 1158 1339 illoe

50 1339 214 1401 excitavit.
242 1338 296 1403 Ad
313 1339 370 1399 boc
385 1336 538 1417 nusquam,
553 1339 670 1417 opinor,
685 1338 824 1417 scriptum
838 1334 918 1398 suisse
931 1338 963 1400 in
977 1337 1028 1400 illo
1041 1338 1154 1421 elogio,

54 1423 145 1503 quod,
168 1438 203 1485 te
222 1424 371 1499 Consule,
393 1424 424 1484 iu
444 1421 596 1502 sepulchro
616 1421 785 1504 reipublicae
801 1423 926 1485 incisum
941 1422 991 1486 esl.
1030 1422 1200 1495 VELl-ro

53 1506 139 1585 TIS,
151 1506 401 1590 JUBEATIS,
415 1506 467 1569 Ul
483 1551 493 1582 ,
506 1528 565 1569 non
575 1508 655 1589 quod
668 1506 793 1571 Marcus
804 1504 1154 1587 Ciceroversumsecerit,

56 1593 98 1655 sed
132 1594 195 1656 uod
210 1594 383 1657 vindicarit.
422 1594 637 1668 Veruntamen,
662 1594 805 1675 quoniam
820 1610 849 1653 te
864 1615 923 1655 non
934 1593 1154 1671 Aristarchum,

56 1680 99 1740 sed
109 1616 288 1745 <l'halarirn
316 1681 545 1764 grammaticum
566 1680 720 1753 babemm,
743 1679 795 1763 qui
818 1700 879 1741 non
899 1694 1002 1741 notam
1023 1702 1154 1762 apponas

56 1764 89 1825 ad
112 1766 235 1829 malurn
263 1770 387 1841 versum,
417 1765 462 1827 sed
491 1770 609 1846 poetam
632 1766 720 1828 annis
743 1765 937 1847 persequare3
959 1764 1032 1828 scire
1048 1769 1151 1847 cupio,

58 1850 124 1931 quid
156 1853 286 1917 tandein
310 1850 365 1915 isto
393 1852 424 1911 in
450 1852 532 1913 versu
556 1850 758 1932 reprehendes,
791 1846 990 1913 CEDANT
1016 1851 1198 1943 ARMA15

58 1933 227 2004 TOGAE.
255 1938 339 1999 Tuae
354 1936 442 2012 dicia,
465 1936 574 2019 inquit,
596 1952 675 2019 togae
696 1938 845 1998 summum
868 1936 1074 2017 imperatorem
1096 1936 1152 2005 esse

62 2020 225 2087 cessurum.
260 2022 343 2105 Quid
363 2042 444 2084 nunc
468 2038 509 2097 te,
534 2021 622 2097 asne,
644 2022 742 2083 literas
763 2021 915 2084 doceam?
939 2044 999 2085 non
1013 2045 1090 2104 opus
1107 2023 1152 2088 est

61 2108 166 2185 verbis,
191 2108 243 2173 sed
264 2108 415 2183 fustibus3
439 2129 500 2171 non
520 2106 580 2169 dixi
595 2107 671 2169 hanc
697 2123 813 2191 togam,
834 2110 895 2189 quai
916 2107 979 2171 sum
997 2110 1151 2185 amidlusg

62 2214 115 2255 nec
125 2214 228 2272 arma,
247 2196 375 2271 scutum,
391 2192 419 2255 dt
433 2194 564 2277 gladium
576 2193 662 2256 unius
674 2190 856 2275 imperatoris
871 2219 882 2269 3
905 2194 962 2269 sed,
976 2195 1055 2275 quod
1068 2198 1152 2276 pacis

62 2278 100 2341 dl
114 2278 275 2365 insigne&
290 2281 356 2355 otii,
369 2294 439 2363 toga
453 2301 461 2341 ε
477 2277 580 2343 contri
590 2295 688 2339 autem
704 2300 785 2341 arma
800 2278 945 2341 tumuletis
960 2295 1049 2363 atque
1062 2281 1197 2356 bellino

63 2384 141 2428 more
156 2374 316 2450 poetarum
331 2366 460 2441 locutus,
476 2366 532 2428 hoc
545 2362 667 2448 intelligi
678 2365 771 2442 volui,
784 2363 972 2428 BELLUM
989 2363 1050 2429 AC
1063 2366 1150 2430 TU-

66 2448 282 2518 MULTUM
310 2449 413 2514 PACl
442 2449 606 2532 ATQUE
639 2449 759 2515 OTlO
788 2448 1148 2523 CONCESSURUM.

67 2535 174 2622 Quare
190 2561 230 2603 ex
253 2538 388 2602 familiari
413 2553 479 2612 tuo,
501 2533 615 2600 Graeco
638 2535 688 2598 illo
703 2541 812 2617 poeta:
837 2535 971 2616 probabit
992 2557 1086 2618 genus
1101 2538 1151 2618 ip·

67 2620 125 2684 surn
147 2623 178 2688 δι
201 2624 355 2710 agnoscet,
377 2645 474 2712 neque
492 2639 526 2706 te
548 2621 621 2685 nihil
646 2622 741 2706 sapere
765 2620 930 2690 mirabitur.
974 2624 1020 2689 At
1041 2615 1076 2688 in
1098 2623 1150 2694 illo

70 2865 150 2913 oportet
168 2873 234 2920 agne
252 2859 281 2906 de
301 2857 365 2905 rebus
384 2857 453 2916 seriis,
468 2863 491 2906 dr
507 2857 594 2918 gravio·
624 2852 1151 2920 scripseritGemuersus,ejieiebaturiPiinue,

69 2919 132 2968 tibus.
625 2922 661 2968 sed
673 2920 730 2984 qubd
742 2921 860 2978 vindgcarit
875 2921 1031 2979 rempublicam
1042 2920 1055 2969 a
1068 2923 1149 2985 eonju-

100 2998 120 3030 1·
137 2985 342 3052 Sediismcasur.]
370 2988 395 3034 ld
407 2987 447 3044 en,
463 2987 541 3034 eadem
554 3001 597 3034 ner·¹
624 2988 716 3043 ratione,
739 2983 810 3043 eique
822 2989 850 3032 de
868 2985 934 3032 causi
951 2987 1034 3037 aesario
1052 2989 1151 3038 Consule

70 3047 156 3110 cessitas,
167 3069 221 3110 quae
233 3054 389 3100 l'lrilodernum
401 3051 493 3112 impulit
504 3054 530 3096 ad
541 3050 593 3096 scri·
624 3051 668 3111 igni
681 3056 703 3096 dt
714 3065 768 3110 equa
777 3051 955 3096 interdicebatur.

71 3111 144 3163 benun
155 3117 244 3164 Pisonis
257 3118 369 3174 libidines,
380 3116 458 3162 iisdem
467 3129 518 3162 eum
526 3113 592 3173 flagi·
654 3117 689 3168 lb.
706 3114 879 3178 Aristarchum]
912 3115 1054 3160 Aristarchus
1063 3116 1148 3162 Gram-

72 3174 248 3238 sririnquinarit.
623 3179 718 3224 metitur
747 3178 801 3235 suit,
849 3177 887 3238 qui
918 3194 973 3239 quos
1003 3181 1075 3226 versun
1101 3195 1148 3230 nou

99 3257 121 3304 3.
137 3243 253 3307 Prendo]
286 3244 389 3297 Pisonem
399 3242 512 3302 intelligit.
622 3247 728 3306 probabat
752 3243 882 3288 Homericos
910 3257 954 3289 non
981 3243 1023 3288 esse
1054 3257 1149 3292 conten.

100 3321 120 3368 5-
136 3312 197 3358 Erae
210 3307 367 3372 praeripio]
401 3309 480 3366 Turpe
498 3305 529 3352 ess
544 3306 590 3352 lau·
622 3309 697 3367 debat,
721 3307 802 3373 eosque
822 3305 896 3364 lituis,
922 3307 957 3353 rel
977 3305 1061 3381 belluis
1080 3321 1150 3357 nota-

73 3367 134 3421 iata
150 3375 207 3436 turpi
219 3375 276 3432 viro,
294 3377 316 3423 da
336 3369 510 3421 honorificumi
526 3372 592 3418 laude
623 3373 668 3422 bat.

74 3435 142 3494 digno.
522 3435 524 3438 ’
656 3449 696 3498 13.
712 3433 848 3500 Phalarim]
877 3435 995 3497 Tyrinum
1013 3435 1148 3500 Agrigenti.

99 3503 132 3549 tb.
147 3499 248 3568 [aquia]
282 3501 340 3556 Piso.
357 3501 468 3548 videlieet.
621 3515 703 3548 norum
713 3499 766 3557 suit,
782 3502 820 3562 qui
831 3516 894 3548 tneo
904 3501 981 3546 Tauro
996 3502 1084 3563 ignibua
1094 3503 1146 3549 sub·

100 3579 121 3616 7.
133 3567 236 3631 Scripſsssi
245 3565 323 3630 enirm]
341 3567 391 3612 Piso
403 3565 425 3611 in
436 3563 473 3611 sui
483 3564 590 3612 Oratione
617 3565 679 3628 jeslo
691 3578 762 3612 morte
778 3568 894 3612 damnatos
914 3564 1048 3624 includebat.
1063 3567 1089 3615 in
1102 3584 1147 3630 pua

75 3625 166 3680 Ciceroni
176 3633 295 3692 objecerat,
308 3631 364 3689 qubd
372 3631 446 3678 versut
456 3632 482 3675 de
490 3629 528 3675 suo
536 3645 589 3676 eon·
621 3631 667 3689 ipse
680 3630 804 3676 combustus
813 3631 853 3675 est.
1202 3645 1208 3666 ι

75 3691 266 3758 sularuscripfiffet,
283 3695 473 3757 qurbusoll‘ensut
486 3693 506 3739 ei
519 3692 590 3740 suerat
619 3714 624 3722 ·
656 3709 693 3754 19.
706 3689 1148 3760 Quodpaeirqlirfignnjllomanipa.
1199 3737 1205 3751 ,

75 3755 192 3823 l’tmpeius.
621 3757 653 3805 eis
664 3768 761 3817 tempore
769 3760 825 3816 togis
835 3759 960 3806 utebantur.
1139 3810 1142 3815 ¹

104 3823 132 3872 lb.
147 3825 226 3873 Cedant
237 3841 300 3878 ama
311 3823 389 3888 roga]
424 3823 507 3870 Versu!
523 3819 536 3870 Ξ
548 3821 589 3870 sst-
654 3837 695 3872 ao·
704 3821 816 3870 tenuras
825 3835 891 3882 arque
898 3822 969 3891 belsa]
993 3823 1083 3887 Supple,
1094 3825 1146 3874 held

75 3897 145 3936 tntae
157 3891 238 3936 editur.
495 3895 498 3902 “
622 3887 673 3936 sunt
684 3887 776 3946 insignia
787 3892 809 3934 dt
819 3887 960 3936 seditionum.

102 3967 123 4010 9·
140 3949 275 4016 sarcingo]
309 3953 387 4011 llogia
405 3951 496 3998 &tituli
515 3951 589 4012 sepul·
653 3967 695 4016 23·
706 3953 776 4000 Gener
788 3949 878 4018 ipsum]
903 3953 992 4015 Nempe
1000 3954 1085 4006 dioeodi
1090 3971 1147 4018 poe

77 4011 166 4065 ‘bibrum
177 4017 331 4075 inscriptiones
340 4019 473 4064 dicebantur.
620 4015 675 4062 tice.

107 4093 140 4128 10.
151 4082 234 4138 Velitir,
238 4080 356 4144 jadertin]
386 4081 513 4127 Formulam
525 4079 590 4141 fingit
652 4095 693 4140 24.
707 4079 739 4126 At
750 4081 773 4125 ιἰι
782 4078 873 4144 ΛΜ]
901 4083 930 4129 ln
941 4081 1010 4130 alteri
1019 4083 1085 4145 bujua
1093 4099 1146 4131 w·

77 4141 154 4216 sistere,
170 4143 214 4207 qui
230 4161 242 4190 a
257 4147 335 4192 Pisone
349 4145 431 4207 ejeelua
451 4147 482 4190 est
501 4144 525 4190 in
540 4147 589 4192 eri·
621 4144 689 4192 minin
712 4156 771 4206 parte
791 4143 946 4196 difficultatem
965 4149 1058 4213 reperite
1083 4149 1148 4198 Pise-

81 4207 140 4344 lupuli
156 4269 201 4327 Seis
212 4273 270 4358 pald
284 4271 424 4340 vindicarit-J
458 4273 512 4320 Non
529 4272 589 4338 qubd
620 4225 674 4258 “m
683 4208 801 4311 fillum·

766 4355 791 4429 s
1041 4338 1148 4430 nero,
