2767 4800
147 256 199 305 m
227 228 290 306 ut.
320 225 655 304 Attrotrrtrrt
680 223 1015 305 enittertcn
1041 234 1069 307 1.
1120 256 1191 335 395

60 388 141 437 tutor.
174 374 360 439 Idcirco-ue
371 393 427 435 nos
440 372 739 457 populun-Romanus
754 370 903 438 Consules
914 376 998 452 fecit,
1013 378 1088 440 utin
1103 377 1148 439 al-

60 462 154 523 islimo
168 462 418 543 amplissimoque
443 462 536 545 gradu
557 459 710 544 dignitatis
735 460 838 534 locati,
859 464 1076 541 rempublicam
1093 486 1149 545 pto

60 548 142 609 sibilo
166 546 379 611 haberemus?
403 566 466 609 non
483 546 573 607 modo
588 566 660 608 voce
677 566 768 607 nemo
783 542 820 606 L.
839 544 935 609 Pisoni
960 546 1146 625 Consularis,

59 632 91 693 'ed
108 654 148 694 ne
164 632 261 696 vultu
278 632 398 715 quidem
424 630 549 695 assensus
567 628 619 693 est.
666 632 819 712 Quaenam
844 634 974 717 (malum
988 632 1014 715 l)
1038 634 1079 697 est
1093 635 1144 698 ista
1151 656 1193 722 5⁰

59 717 220 781 roluntatia
250 718 375 781 servitus
388 714 399 779 i
423 718 513 781 suerit
536 716 675 800 quaedam
689 716 865 789 necessaria;
890 741 947 782 nec
961 740 1019 804 ego
1033 722 1093 783 hoc
1108 725 1147 785 ab

59 806 189 865 mnibus
208 804 248 866 iis
260 802 405 880 desidero,
427 803 480 886 qui
495 803 670 865 sententiam
687 802 925 866 loeoConsulari
941 804 1047 869 dicunt
1057 835 1067 880 3
1088 808 1147 871 alia

59 888 130 951 >aissa
150 884 196 951 est
218 908 342 967 eorum,
357 904 488 973 quorum
504 887 620 950 silentio
637 889 779 973 ignosc03
802 889 859 950 alia
873 912 990 966 eorum,
1013 915 1146 975 quorum

59 994 151 1037 rocem
172 976 323 1057 requir03
347 996 423 1059 quos
438 966 562 1057 quidem
581 975 668 1037 doleo
690 976 722 1036 in
740 974 935 1055 suspicionem
951 976 1145 1058 populoRo·

59 1078 138 1123 nano
152 1064 277 1136 venire,
293 1082 356 1123 non
373 1062 464 1123 modo
475 1076 570 1134 metu,
594 1060 676 1141 quod
692 1060 788 1141 ipsum
801 1058 869 1123 esset
883 1080 981 1143 turpe,
992 1065 1039 1125 sed
1052 1064 1190 1151 alium55

59 1143 102 1205 ilia
130 1146 171 1207 de
198 1147 293 1208 causa
314 1144 406 1208 deesse
430 1147 458 1207 di
484 1147 568 1207 nitati
597 1146 668 1209 suae.
714 1142 820 1223 Quare
845 1146 974 1227 primitm
999 1152 1146 1213 maximas

59 1232 205 1311 gratias&
223 1228 442 1316 habrodiago
498 1228 633 1307 .Pisoni,
656 1233 708 1315 qui
729 1254 803 1305 non,
826 1234 898 1312 quid
921 1234 1037 1297 efficere
1052 1234 1145 1317 pollet
1185 1292 1190 1303 .

62 1336 80 1375 n
102 1318 275 1398 republica,
298 1318 454 1401 cogitavit,
477 1318 522 1378 sed
544 1318 613 1399 quid
636 1320 694 1399 ipse
720 1318 816 1378 lacere
838 1319 974 1380 deberet:
998 1321 1146 1383 deindeai

59 1402 143 1478 tobis,
168 1400 207 1465 P.
230 1400 275 1465 C.
300 1418 381 1483 peto,
405 1416 449 1476 ut,
471 1400 582 1465 etiamst
604 1404 683 1485 sequi
701 1401 800 1464 mimis
817 1405 961 1466 audebitis
976 1408 1142 1468 orationem

58 1501 138 1567 utque
153 1487 372 1553 auctoritatem
393 1506 504 1567 meam,
520 1488 652 1575 benigni
667 1510 716 1551 me
728 1504 841 1565 tamen,
864 1504 897 1551 ut
912 1490 1021 1554 fecistis
1035 1493 1190 1569 adhuc,60

58 1573 188 1638 audiatis.

58 1842 172 1899 aperuisset.
217 1844 309 1893 Aridior
333 1854 406 1893 autem
432 1844 505 1892 suerat
523 1844 584 1902 Piso,
617 1843 686 1894 tentis
705 1848 815 1909 quandum
833 1846 955 1895 toleratio
972 1848 1143 1911 Rempublicam

58 1907 208 1967 Remuli:
220 1916 245 1958 dr
262 1910 428 1972 supplicatione
442 1911 524 1959 Casiri
544 1912 583 1957 sre-
617 1912 753 1958 servitutem.

58 1984 108 2015 Ml·
651 1990 688 2039 55·
700 1977 777 2025 Alium
786 1976 830 2025 asta
839 1978 865 2025 de
877 1976 963 2043 tarda]
982 1978 1063 2035 Multi,
1089 1977 1141 2040 quia

58 2054 61 2067 ·
91 2050 125 2095 50.
147 2036 259 2106 Malum]
283 2040 395 2099 Verisa,
412 2038 499 2101 mlta,
516 2040 583 2089 inter·
614 2040 786 2090 afl'tdlisuerant
805 2042 917 2091 beneficii·
935 2040 949 2089 i
965 2042 1061 2102 Caesare,
1078 2054 1141 2091 tatu·

58 2096 120 2159 jesiio
130 2102 159 2147 esi
171 2104 308 2164 indignantia
319 2104 426 2151 hominia.
614 2118 689 2154 erunt.

88 2176 125 2225 5¹·
142 2168 256 2237 Qaedanr
267 2170 398 2236 arcesserem]
416 2170 490 2219 Caesar
497 2168 536 2220 sui
543 2186 584 2234 po·

342 2501 852 2620 sncuunuraan

271 2733 308 2798 In
321 2734 375 2820 qud
385 2733 486 2819 probat
500 2739 564 2798 adia
577 2714 705 2820 'Caesaris
718 2718 766 2818 effi
775 2729 929 2820 seruanda.

99 2921 154 2990 lv.
166 2927 303 2995 Primtim
313 2931 406 3016 igitur
415 2929 480 2994 adia
490 2929 616 2994 Caesaris
625 2928 764 2992 servanda
774 2929 893 2993 censeo:
907 2949 969 2991 non
979 2927 1061 3013 quod
1070 2951 1140 3011 pro-
1170 2957 1184 3003 1

66 3003 147 3088 bem
169 3018 239 3101 quis
254 3016 335 3079 enirn
352 3017 380 3078 id
394 3017 513 3100 quidem
531 3015 643 3098 potest?
669 3019 715 3078 led
729 3016 802 3098 quia
813 3017 960 3077 rationem
972 3017 1141 3078 habendam

66 3099 185 3164 maxima
196 3101 322 3165 arbitror
335 3104 413 3182 pacis
424 3119 514 3184 atque
523 3103 585 3166 otii.
623 3101 743 3164 Vellem
756 3099 860 3162 adesset
869 3101 1037 3174 Antonius,
1049 3103 1141 3162 modo

67 3175 117 3241 stne
131 3188 298 3263 advocatis;
314 3186 652 3269 sed,utopinot,licetei
666 3185 767 3249 mimis
777 3187 889 3248 valere:
906 3187 988 3267 quod
997 3185 1141 3249 mihiberi

67 3269 202 3342 perillum
214 3295 277 3337 non
290 3273 407 3336 licebat.
433 3273 569 3337 Doceret
581 3296 641 3349 me,
654 3271 699 3336 vel
710 3273 808 3354 potius
818 3291 882 3348 vos,
895 3271 928 3334 P.
943 3269 983 3334 C.
994 3273 1140 3356 quemad·
1167 3283 1187 3352 5

97 3469 115 3503 ¹·
131 3461 187 3511 Aeta
203 3463 316 3531 Casama]
340 3467 426 3514 Atium
444 3469 475 3514 esi
493 3466 517 3512 lrr
539 3465 579 3512 Se·
612 3469 664 3514 deur
680 3465 899 3513 adtonsuetudinem
915 3465 1081 3521 Romrnomm,
1100 3465 1138 3526 qui

69 3531 124 3580 ΜΠ,
140 3539 211 3580 utrum
222 3534 298 3578 omnia
308 3533 398 3578 Caesaris
410 3533 460 3578 adit
471 3531 578 3578 rescinde-
613 3532 637 3578 ln
657 3531 747 3594 judiciis
769 3543 817 3577 tum
839 3529 938 3592 privarit,
966 3541 1017 3575 tum
1038 3529 1141 3591 publicis,

71 3597 141 3646 rentur,
156 3599 232 3654 quibus
249 3597 299 3642 aliis
315 3598 446 3660 provintias,
470 3597 516 3644 aliie
537 3598 580 3643 alla
613 3598 697 3643 amicos
715 3611 792 3642 omnes
811 3597 860 3641 suot
880 3596 1023 3650 advocabant,
1045 3611 1141 3655 quorum

72 3645 307 3708 btnet'rritronsetebatr
326 3663 579 3708 serv=ndaSenaturde-
613 3662 744 3708 austeritate
766 3661 849 3707 moveri
869 3659 926 3722 posse
945 3658 1032 3720 judicer
1049 3660 1140 3707 arbitra-

71 3719 134 3775 “illb
149 3737 233 3786 propter
244 3727 326 3772 bonum
339 3727 405 3788 paria.
433 3725 580 3785 Libellosejur
613 3727 702 3772 bantur.

72 3781 140 3853 ³⁰¹¹)ss
158 3789 277 3850 Calpurnia
298 3793 376 3838 detulit
394 3793 420 3838 ad
444 3793 579 3848 Antonium,
645 3791 680 3837 lb.
692 3791 753 3836 Licet
763 3790 782 3835 ei
792 3790 857 3836 minvs
865 3787 962 3854 valna]
979 3788 1055 3850 Carpit
1064 3791 1140 3836 Anto·

72 3855 229 3918 trttttnelrorn
246 3855 298 3902 sisto
313 3857 469 3904 addicerentur.
496 3857 579 3904 ,Amo-
611 3856 675 3901 nium
693 3856 750 3916 quod
762 3851 867 3900 abelliti
886 3855 978 3911 Senrtu,
994 3855 1030 3915 qui
1049 3856 1139 3916 quidem

72 3919 112 3955 ntur
122 3911 165 3962 her
174 3921 223 3966 edla
235 3921 326 3968 (jassaria
343 3926 368 3968 ad
381 3921 498 3966 arbitrium
517 3919 580 3966 suum
612 3924 715 3966 utebatur
739 3920 877 3966 excusatione
907 3919 1045 3975 valetudiuiv,
1069 3920 1138 3980 qudm

73 3977 162 4035 mmlilv
177 3999 201 4030 ac
211 3987 333 4032 universam
344 3987 456 4046 Rempub.
470 3985 579 4042 laceravit,
611 3984 773 4031 excusationem
785 4001 830 4031 non
842 3983 987 4044 admisitetga
997 3984 1138 4044 Ciceronem

73 4033 151 4090 caefitit
161 4061 238 4096 maren
251 4053 273 4094 dr
284 4051 439 4098 austeritatem
451 4061 577 4111 praetexens.
611 4051 647 4110 qui
657 4048 730 4096 reverit
738 4052 765 4096 de
774 4051 808 4096 via
819 4050 945 4109 languebat.
1070 4094 1076 4108 ,

82 4119 119 4170 ,4·
135 4107 180 4159 Siue
194 4113 326 4178 advocatio]
345 4116 385 4162 Per
403 4119 517 4162 advocator
534 4115 579 4160 mi·
648 4129 668 4173 ς.
686 4114 775 4160 Duceret
793 4112 847 4178 nen]
876 4113 1043 4175 Ostenditquod
1059 4117 1136 4163 Anto-

75 4161 115 4238 ΜΨ
130 4171 174 4222 illo·
190 4189 303 4228 memo·
319 4179 432 4240 intelligit,
454 4181 476 4224 de
495 4179 579 4236 sabroe,
611 4179 660 4224 nius
672 4176 824 4224 Caesatisasla
843 4194 888 4225 nou
901 4178 980 4238 serrat,
997 4180 1049 4241 quia
1066 4179 1138 4227 reveri

74 4235 139 4289 quibui
155 4241 241 4314 stipatur
257 4246 317 4293 teuit
337 4246 364 4294 irr
381 4245 504 4306 Scortum
522 4243 578 4295 alle·
610 4241 724 4305 legesejue
734 4257 779 4290 uon
790 4243 867 4291 servat.

1014 4303 1139 4370 modum
