2767 4800
193 259 265 370 ,aa
393 256 450 338 tr.
482 213 714 340 aunan
744 247 1117 342 creanonts

195 427 211 470 1
280 403 391 471 XXII.
417 406 498 484 Haec.
508 405 596 470 Plato
609 403 716 470 noster.
761 407 850 488 Apud
862 403 1100 489 Xenophontem
1112 417 1229 472 autem
1246 390 1338 472 moris
1376 455 1377 458 ,

237 516 293 556 ens
316 493 416 578 Cyrus
441 495 536 576 major
561 493 628 554 baec
649 493 740 554 dicit:
765 491 872 556 Nolite
888 492 1034 572 arbitrari,
1057 493 1182 556 omini
1198 493 1337 557 cariffimi

238 579 305 655 lilii,
321 601 378 653 me,
392 578 464 642 ciam
479 581 497 640 a
510 577 596 640 vobis
607 575 768 655 discessero,
785 579 944 662 nusquam,
959 589 1011 642 aut
1025 578 1146 642 nullum
1165 579 1260 656 sore3
1284 597 1336 663 not

238 667 334 738 enirn,
348 664 420 728 dum
435 682 516 726 eram
537 663 703 740 vobisc'um,
728 665 863 726 animuin
889 677 991 727 meum
1006 665 1172 728 videbatis:
1200 665 1252 728 sed
1268 679 1337 725 eum

192 764 212 831 ς
238 750 293 812 else
310 753 340 812 in
357 755 415 811 boc
437 769 574 832 corpore,
596 759 634 810 en
653 747 687 812 iis
703 751 804 825 rebus,
827 763 903 830 qua's
917 751 1069 836 gerebam,
1092 749 1194 814 intelli
1260 751 1336 834 atis:
1376 791 1377 794 ,

238 837 367 897 eundem
385 837 476 921 igitur
488 834 542 896 csse
553 835 709 907 creditote,
725 835 846 898 etiamsi
863 835 1139 898 nullumridebitis.
1219 855 1256 898 ec
1268 833 1337 898 uerit

238 923 390 983 clarorum
412 924 544 983 virorum
569 918 634 1001 post
656 937 785 982 mortem
808 921 937 983 honores
961 923 1186 1003 permanerent,
1208 919 1234 984 si
1259 917 1335 983 nihil

238 1027 345 1068 eorum
366 995 495 1090 ipsoium
515 1005 606 1067 animi
622 1005 789 1083 efficerent,
805 1006 868 1090 qub
883 1007 996 1070 diutiirs
1010 1009 1190 1071 memoriam
1206 1007 1252 1070 sui
1267 1023 1334 1069 tuc-

240 1110 354 1155 rcntur.
392 1090 607 1173 Mihiquidem
629 1111 789 1173 nunquam
806 1093 969 1176 persuaderi
984 1093 1094 1175 potuit,
1110 1094 1246 1168 animos,
1260 1091 1335 1154 dunt

196 1180 272 1243 toin
287 1180 463 1260 corporibus
475 1176 565 1239 ell'ent
576 1176 767 1253 mortalibus,
777 1179 874 1240 vivere
883 1206 893 1256 3
909 1178 980 1242 cum
991 1171 1126 1242 exiissent
1135 1197 1174 1240 ex
1186 1179 1237 1255 iis,
1246 1195 1332 1240 emo·
1376 1201 1377 1204 ¹

240 1263 265 1326 ri
277 1284 284 1322 :
309 1285 366 1326 nec
378 1262 447 1326 verb
459 1261 523 1325 tiam
536 1263 674 1324 animum
684 1259 739 1322 eise
750 1261 950 1345 insipientem,
962 1263 1034 1327 crim
1045 1283 1083 1325 ex
1094 1261 1247 1345 insipienti
1262 1281 1332 1325 cora

240 1369 313 1430 pore
331 1347 478 1424 evasisset,
502 1349 548 1410 sed
565 1345 638 1411 caim
652 1349 737 1410 omni
751 1349 937 1412 admixtione
950 1347 1083 1432 corporis
1098 1349 1256 1425 liberatus,
1275 1367 1331 1429 pu·
1376 1363 1377 1420 l

241 1454 305 1510 rus,
329 1437 489 1518 &irateger
509 1431 564 1495 esse
585 1431 731 1518 coepisset,
747 1433 812 1496 tirm
827 1431 882 1498 elle
897 1436 1073 1516 sapientem.
1106 1433 1208 1515 Atque
1220 1435 1332 1510 etiam,
1376 1433 1377 1438 ’

243 1519 315 1584 crim
329 1522 461 1583 hominis
476 1537 583 1582 natura
595 1534 693 1584 morte
708 1517 884 1596 dissolvitur,
907 1533 1083 1582 caeterarum
1104 1538 1204 1582 rerum
1217 1519 1332 1602 perspi·
1376 1519 1377 1522 ’

199 1623 339 1690 15cuum
355 1604 408 1683 est,
423 1606 622 1688 qrrbquaeque
635 1603 805 1670 discedant:
822 1607 934 1668 abeunt
944 1605 1105 1668 enimiiluc
1120 1608 1236 1682 omnia,
1250 1607 1334 1669 unde

243 1713 310 1756 orta
322 1695 406 1768 sunt;
424 1694 542 1757 animus
554 1707 654 1754 autem
668 1691 760 1766 solus,
776 1713 832 1754 nec
847 1691 919 1754 crim
934 1689 1024 1768 adest,
1039 1687 1183 1754 necerim
1199 1691 1333 1766 discedit,

245 1796 375 1860 apparet.
419 1775 576 1860 Jamverb
599 1775 717 1852 videtis,
739 1777 816 1839 nihil
839 1775 895 1839 esse
919 1777 1090 1840 mortitam
1115 1775 1333 1858 simile,quam
1376 1835 1377 1856 ,

243 1863 396 1928 somnum.
441 1863 545 1947 Atque
566 1863 782 1926 dormientium
804 1861 896 1926 animi
910 1861 1039 1926 maximi
1054 1861 1212 1926 declarant
1226 1861 1333 1925 divini·
1376 1867 1377 1900 ³

246 1965 338 2012 tatem
367 1949 467 2011 suam:
491 1949 587 2013 multa
611 1950 706 2022 enim,
729 1948 801 2012 crim
828 1949 935 2012 remisii
962 1949 992 2010 δι
1019 1948 1103 2012 liberi
1133 1949 1219 2024 sunt,
1240 1948 1334 2011 sutura
1376 1977 1377 1990 κ

199 2035 442 2118 noprospiciunr.
483 2033 530 2097 Ex
542 2054 605 2115 quo
618 2033 808 2118 intelligitur,
821 2033 923 2118 quale's
935 2033 1026 2096 futuri
1039 2031 1108 2112 sant,
1120 2031 1193 2096 crim
1209 2035 1237 2096 se
1250 2033 1334 2116 plani
1376 2065 1377 2074 ¹

246 2123 381 2202 eorporis
391 2119 519 2183 vinculis
531 2119 742 2183 relaxaverint.
774 2121 891 2200 Qrare,
906 2117 1004 2182 srhaec
1017 2118 1058 2181 ita
1070 2120 1150 2196 sunt,
1164 2117 1207 2181 stc
1223 2137 1271 2182 me
1280 2139 1332 2182 cu·
1376 2187 1377 2210 ¹

245 2203 332 2268 litote
347 2219 381 2267 ut
392 2205 498 2281 deame
522 2205 564 2268 srn
581 2204 641 2270 uni
661 2203 704 2268 est
718 2206 893 2270 interiturus
906 2207 1025 2268 animus
1036 2222 1106 2268 curn
1120 2225 1260 2287 corpore,
1283 2225 1332 2267 vos
1376 2235 1377 2252 r

248 2305 350 2353 tamen
363 2290 432 2353 deos
442 2304 587 2368 verentes,
603 2291 656 2373 qui
670 2293 750 2352 banc
764 2313 887 2354 omnem
900 2289 1154 2374 pulchritudinem
1169 2287 1333 2354 tuentur&
1376 2357 1377 2372 1

249 2391 371 2462 regunt,
388 2377 562 2440 memoriam
575 2375 668 2440 nostri
685 2375 733 2460 pie
745 2373 946 2461 inviolatique
960 2375 1121 2440 servabitis.
1376 2450 1377 2461 χ

204 2487 220 2534 ι
292 2460 417 2525 XXIII.
440 2460 469 2525 C
493 2486 540 2526 rus
554 2461 678 2547 quidem
705 2462 771 2525 haec
791 2465 932 2526 moriens.
965 2460 1048 2537 Nos,
1070 2458 1221 2543 srplacet,
1242 2458 1334 2525 nostra
1376 2474 1377 2517 l

250 2550 410 2612 videamus.
444 2485 548 2611 iserno
559 2549 693 2633 unquam
710 2550 795 2624 mihi,
817 2546 930 2630 Scipio,
945 2546 1143 2629 persuadebit,
1156 2562 1212 2611 aut
1225 2561 1335 2631 patrem
1376 2520 1377 2611 i

251 2652 337 2697 tuurn
353 2634 494 2711 Paulum,
517 2651 568 2699 aut
588 2637 664 2697 duos
678 2655 761 2712 avos,
777 2632 904 2698 Paulum
920 2634 949 2699 bt
964 2633 1158 2709 Africanum,
1185 2648 1240 2695 aut
1253 2632 1334 2695 Afri·
1376 2618 1377 2697 i

251 2722 319 2783 cani
341 2739 467 2802 patrem,
491 2735 542 2783 aut
568 2736 719 2803 patruum,
742 2735 794 2783 aut
819 2718 929 2785 multos
949 2716 1119 2801 praesiantes
1148 2716 1241 2794 viros,
1262 2736 1337 2799 quos

203 2829 226 2902 5
254 2826 427 2869 enumerare
443 2828 504 2869 non
519 2804 561 2869 esi
575 2806 701 2884 necesse,
723 2820 808 2869 tanta
827 2804 883 2871 esse
903 2818 1042 2881 conatos,
1062 2802 1133 2887 quae
1155 2802 1193 2866 ad
1217 2800 1335 2885 posteri-

253 2894 321 2971 tatis
337 2893 512 2957 memoriam
528 2894 732 2973 pertinerent3
754 2888 807 2955 nili
822 2894 924 2955 animo
942 2902 1111 2965 cernerent,
1137 2886 1334 2970 polleritatetn
1376 2930 1377 3001 q

253 2980 288 3039 ad
306 2979 504 3060 sepertinere.
544 2978 720 3053 Aurenses,
750 2993 785 3040 ut
806 2980 843 3039 de
863 2996 910 3057 me,
935 2976 997 3057 ipso
1012 2974 1123 3057 aliquid
1138 2994 1225 3037 more
1237 2974 1332 3038 senum
1376 3016 1377 3051 ,

251 3064 373 3149 glorier,
389 3084 437 3124 me
448 3078 547 3127 tantos
559 3062 674 3125 labores
684 3063 808 3126 diurnos
819 3062 1051 3143 nodiurnosque,
1066 3060 1148 3123 domi
1162 3058 1335 3144 militiaeque
1376 3052 1377 3141 i

252 3150 457 3231 suscepturum
472 3146 565 3224 fuisse,
587 3147 609 3209 sa
634 3148 735 3211 iisdem
749 3144 870 3210 ,linibus
893 3146 1018 3233 gloriam
1040 3164 1149 3220 meam,
1171 3146 1276 3227 quibus
1289 3146 1333 3207 vi·
1376 3150 1377 3221 ἦ

207 3252 326 3311 1otam,
348 3233 435 3297 esiam
458 3234 696 3297 terminaturus?
720 3254 824 3297 nonne
846 3236 952 3295 melius
978 3230 1076 3316 multia
1098 3228 1197 3293 suisset
1217 3230 1333 3293 otiosam
1376 3222 1377 3273 l

254 3336 374 3385 aetarem
399 3320 429 3383 dt
451 3318 585 3402 quietam
608 3318 669 3381 fine
689 3320 754 3382 ullo
775 3318 924 3381 labore&
944 3318 1140 3379 contentione
1161 3314 1332 3379 traducere?

252 3406 301 3469 sed
326 3405 426 3470 nescio
447 3406 602 3488 quomodo
623 3405 743 3469 animus
764 3406 879 3550 erqqens
900 3404 928 3466 se
948 3400 1147 3485 posteritatem
1163 3401 1274 3485 semper
1296 3402 1332 3463 ira
1376 3402 1377 3495 i

249 3490 462 3581 prospiciebat,
484 3489 580 3574 quast,
602 3489 673 3553 crim
689 3490 796 3553 excelli
819 3490 968 3564 crevier,
984 3502 1049 3549 turn
1063 3486 1196 3571 denique
1211 3486 1331 3563 visitatus
1376 3496 1377 3571 l

250 3576 339 3642 esset:
362 3579 443 3661 quod
459 3578 581 3661 quidem
596 3579 628 3640 ni
644 3578 684 3638 ita
698 3578 725 3640 se
738 3578 872 3651 haberet,
888 3588 922 3638 ut
935 3572 1027 3637 animi
1043 3572 1228 3635 immortales
1240 3570 1332 3647 essent,

210 3663 334 3763 55baud
350 3665 455 3746 optimi
475 3664 618 3748 cujusque
638 3663 757 3725 animus
774 3658 955 3729 maximian
971 3654 1203 3721 immortalitatis
1217 3654 1330 3743 gloriam

256 3750 411 3814 niteretur.
458 3746 556 3827 Qid,
582 3750 661 3829 quod
683 3748 904 3829 sapientissimus
919 3744 1044 3829 quisque
1062 3743 1331 3827 aequisiimoanirno

255 3836 393 3912 moritur,
406 3830 583 3896 stultiffimus
598 3830 799 3913 iniquissimo?
818 3830 934 3894 Nonne
949 3832 1033 3904 vobis
1049 3830 1164 3892 videtur
1174 3828 1287 3891 animus
1301 3830 1331 3903 is,

255 3922 308 4001 qui
322 3919 388 4002 plus
398 3934 501 3981 cernat
512 3920 540 3980 br
553 3918 688 4004 longius,
698 3918 798 3985 videre
813 3918 840 3980 se
856 3917 891 3977 ati
904 3915 1028 3978 meliora
1042 3913 1208 3997 proficisci:
1224 3912 1274 3977 ille
1286 3934 1331 3977 au-

227 4017 230 4032 '
256 4021 331 4079 tem,
355 4006 404 4067 cui
425 4002 557 4067 obtusior
571 4002 606 4067 lit
629 4007 720 4079 acies,
742 4025 805 4067 non
821 4000 938 4065 videre?
963 3998 1114 4083 Equidem
1128 3998 1236 4063 efferor
1249 3998 1332 4062 lindio

207 4107 354 4177 appatres
368 4089 489 4165 vestros,
501 4112 578 4175 quos
591 4090 672 4153 colui
684 4090 714 4154 dt
726 4086 831 4163 dilexi,
843 4084 981 4160 videndi;
1003 4108 1103 4169 neque
1118 4086 1188 4149 verb
1203 4104 1253 4148 eos
1267 4084 1333 4149 solor

256 4176 419 4237 convenire
431 4196 516 4252 aveo,
528 4196 608 4260 quos
621 4178 680 4257 ipse
691 4194 729 4237 co
753 4176 841 4250 novi,
858 4174 903 4236 sed
918 4172 984 4235 illos
999 4173 1102 4249 eriam,
1117 4170 1271 4253 dequibus
1284 4191 1332 4233 au·

172 4301 180 4314 .
255 4260 330 4346 diii,
351 4194 767 4348 &legistipsecouscripin
813 4258 889 4347 Qrb
904 4258 1026 4346 quidem
1041 4278 1089 4325 me
1104 4254 1333 4409 proficuam
