2767 4800
380 287 922 384 assenserurh
1148 309 1217 416 μ,

68 451 201 601 quidem
215 449 309 517 hostis
319 452 436 516 honore
446 429 713 536 sepulturaecarere
722 449 886 535 pallusest3
910 451 956 518 sed
969 449 1103 539 legiones
1114 463 1176 522 nol

99 563 161 616 ras,
179 541 261 624 quod
284 537 383 622 scripsi
405 541 439 602 in
462 537 657 624 Originibus,
678 541 710 601 in
727 561 796 600 eum
817 541 893 622 saepi·
907 539 1009 602 locum
1026 544 1174 623 professas

70 625 167 690 ahcri
183 625 288 708 animo
301 626 331 689 Sc
346 624 458 700 eresio,
477 625 556 686 uride
572 627 599 687 se
615 646 771 706 nunquam
787 625 931 689 redituras
948 627 1173 694 arbitrarentur.

70 709 174 792 Quod
197 713 290 794 igitur
303 711 518 786 adolescentes,
539 710 570 772 dc
594 711 612 773 ii
634 713 756 792 quidem
780 731 841 772 non
865 711 959 779 solrim
976 711 1102 790 indocli,
1126 716 1223 800 sedqd

70 798 172 862 etiam
186 797 287 860 rustici
299 814 516 872 contemnunt,
541 796 570 856 id
584 795 664 858 dosii
680 799 762 858 senes
778 797 993 860 extimescens?
1019 798 1174 880 (lmnino,

71 898 108 944 ut
125 883 343 966 mihiquidem
362 883 490 959 videtur,
512 879 678 943 studiorum
705 883 843 943 omnium
869 882 984 945 satietas
1010 885 1080 947 vitae
1103 887 1176 951 satit

69 969 257 1056 satietatem.
294 966 517 1052 Suntpue'ritiae
531 983 612 1028 certa
627 966 741 1043 studia,
764 989 838 1030 num
856 969 947 1052 igitur
961 989 995 1030 ea
1009 967 1175 1035 desiderant

70 1052 304 1118 adolescentes?
321 1051 429 1116 sunt&
442 1053 572 1116 ineuntis
588 1053 815 1126 adolescemus:
832 1075 905 1116 num
916 1075 951 1114 ea
962 1053 1101 1117 constans
1107 1059 1174 1142 jam

69 1141 206 1225 requirit
216 1159 301 1216 aetas,
327 1162 397 1223 quae
411 1139 509 1201 media
520 1139 651 1201 dicitur?
679 1139 747 1204 sunt
763 1141 851 1200 etiarn
868 1139 956 1223 hujus
971 1139 1086 1218 aetatis;
1115 1163 1220 1234 riec43

70 1248 110 1290 ea
127 1225 257 1310 quidem
271 1223 482 1308 quaeruntur'a
498 1221 668 1287 senectute:
693 1224 762 1288 sunt
776 1243 909 1287 extrema
924 1227 1061 1306 quaedam
1078 1223 1173 1292 studia

70 1311 258 1377 senesiutis:
280 1333 367 1396 ergo,
387 1328 420 1374 ut
440 1311 623 1392 superiorum
637 1325 763 1372 aetatum
779 1308 872 1372 studia
887 1311 1042 1388 occidunt,
1062 1307 1101 1374 src
1115 1335 1173 1376 oc·

66 1394 186 1461 ‘eidunt
199 1399 292 1460 etiam
312 1397 490 1460 senesiucis:
513 1397 594 1478 quod
610 1417 683 1458 cum
698 1397 811 1473 evenit',
835 1396 950 1460 satietas
964 1399 1033 1460 vitae
1053 1411 1172 1484 tempus

70 1499 231 1548 maturum
246 1481 351 1546 mortis
366 1479 462 1544 affert.

119 1565 218 1631 XXI.
243 1565 393 1651 Equidem
418 1589 481 1630 non
496 1567 595 1641 video,
615 1589 681 1642 cur,
705 1567 776 1651 quid
798 1569 857 1650 ipse
874 1569 995 1632 sentiam
1010 1569 1047 1633 de
1062 1583 1171 1650 morte,
1200 1591 1216 1642 ι

71 1653 285 1737 nouaudeam
306 1654 390 1716 vobis
412 1655 530 1716 dicere:
555 1655 638 1736 quod
659 1675 697 1714 eo
713 1650 816 1716 melitis
833 1657 906 1718 mihi
921 1675 1042 1719 cernere
1057 1657 1174 1732 videor,

101 1761 143 1805 uo
157 1741 196 1801 ab
209 1741 246 1802 eai
259 1741 383 1823 propius
398 1741 514 1802 absum.
545 1736 631 1823 Ergd
641 1737 754 1804 vestros
766 1755 876 1820 patres,
888 1737 921 1802 P.
936 1738 1052 1822 Scipio,
1063 1755 1172 1826 tuque,

71 1763 121 1890 SI.
138 1823 230 1903 Laeli,
246 1825 324 1888 viros
339 1825 525 1902 clarissimos,
546 1825 684 1908 mihique
699 1823 898 1902 amiciffimos,
913 1826 1011 1890 vivere
1026 1827 1169 1891 arbitror:

70 1912 110 1974 Sa
123 1932 191 1974 eam
206 1913 328 1996 quidem
343 1904 455 1987 vitam,
473 1931 540 1994 quae
555 1909 598 1974 est
611 1909 671 1974 sola
682 1911 743 1974 vita
758 1911 952 1974 nominanda.
986 1913 1082 1990 Nam,
1096 1912 1171 1978 dtim

71 1997 181 2060 sumus
193 1998 225 2060 iti
233 1996 280 2061 his
291 1994 397 2062 inclusi
408 1997 606 2080 compagibus
621 2000 768 2084 corporis,
784 2019 907 2060 munere
921 1999 1053 2083 quodam
1067 2001 1170 2066 neces·
1195 2017 1220 2093 3

71 2081 185 2158 sitatis,
199 2079 230 2146 dt
244 2085 326 2170 gravi
340 2105 429 2165 opere
445 2083 676 2166 perfungimur3
703 2082 744 2144 est
758 2085 840 2144 enim
855 2085 974 2146 animus
988 2083 1117 2148 coelestis
1132 2105 1173 2150 ex

72 2169 219 2232 altiffimo
232 2169 389 2236 domicilio
408 2167 553 2250 depressus
568 2169 596 2231 u
611 2165 692 2252 quasi
707 2169 855 2232 demersus
877 2167 908 2232 in
924 2185 1045 2246 terram,
1067 2169 1173 2236 locum

73 2253 190 2316 ‹tivinae
206 2271 320 2318 naturae
339 2256 560 2336 aeternitatique
582 2255 778 2316 contrarium.
824 2251 879 2316 Sed
901 2256 991 2330 credo
1004 2255 1090 2320 Deos
1111 2261 1170 2324 im·

74 2339 222 2405 mortales
237 2337 361 2423 sparsllie
378 2340 494 2406 animos
507 2342 538 2403 r'n
556 2361 682 2423 comma
695 2341 836 2417 humana,
849 2355 882 2405 ut
893 2338 996 2419 eliens,
1012 2344 1064 2427 qui
1079 2359 1169 2409 terras
1180 2365 1220 2419 ιο

75 2443 250 2503 tuerentur,
264 2428 378 2510 quique
393 2424 560 2489 coelestium
569 2427 704 2489 ordinem
717 2427 967 2509 contemplantes,
982 2424 1171 2494 imitarentur

75 2534 152 2575 eum
162 2514 231 2575 vitae
243 2514 335 2575 modo
346 2530 436 2595 arque
447 2512 632 2575 constantia:
657 2534 715 2574 nec
730 2534 778 2574 me
794 2512 978 2599 solum-ratio
988 2536 1022 2577 ac
1038 2516 1171 2595 disputa-

75 2600 125 2661 tio
137 2598 267 2679 impulit,
283 2614 317 2659 ut
328 2598 370 2659 ita
383 2598 533 2661 crederem
539 2626 551 2675 3
571 2598 617 2660 sed
639 2598 779 2660 nobilitas
794 2597 884 2659 etiam
899 2597 1084 2663 summorum
1101 2602 1171 2681 plri-

75 2682 272 2764 losophorum
288 2682 500 2747 &audioritas
522 2684 706 2745 *Audiebam
721 2682 935 2767 Pythagoram,
951 2681 1170 2771 Pythagoreos·

76 2790 154 2853 que,
169 2767 284 2832 incolas
299 2766 525 2850 paendnostros‚
540 2772 594 2851 qui
610 2766 701 2831 essent
716 2766 812 2831 italici
830 2768 998 2851 philosophi
1013 2772 1168 2853 quondam
1177 2792 1218 2865 ι,

76 2850 244 2932 nominati,
255 2876 414 2939 nunquam
426 2852 581 2932 dubitasse,
595 2858 721 2937 quinci<
736 2854 872 2915 universi
888 2872 989 2917 mente
1003 2857 1105 2921 divinit
1118 2858 1171 2921 de·

76 2940 192 3005 libatos
207 2940 325 3004 animos
339 2941 535 3003 haberemus:
559 2938 839 3003 demonstrabantur
853 2940 926 3002 mihi
943 2959 1083 3024 praeterea
1101 2964 1173 3027 quae

79 3024 220 3090 Socrates
230 3026 367 3108 supremo
379 3028 447 3089 vitae
458 3027 506 3089 die
515 3028 552 3089 de
570 3026 794 3108 immortalitate
809 3025 977 3090 animorum
992 3026 1171 3107 differuiffet,

78 3112 120 3189 is,
142 3114 196 3197 qui
214 3108 284 3175 ellet
298 3108 437 3175 om'nium
452 3113 676 3194 sapientissimus
696 3110 821 3175 oraculo
838 3110 988 3194 Apollinis
1005 3115 1168 3200 judicatus.

78 3196 168 3281 Quid
178 3195 293 3261 multa?
319 3194 358 3261 sic
369 3199 443 3261 mihi
453 3196 590 3280 persuasi,
601 3198 640 3261 lic
656 3198 764 3274 sentio,
775 3196 847 3261 crim
863 3214 946 3262 tanta
957 3200 1092 3263 celeritas
1105 3202 1220 3274 ani-20

77 3304 203 3349 morum
216 3280 265 3360 sit,
279 3296 363 3346 tanta
382 3286 526 3347 memoria
542 3284 773 3365 praeteritorum,
792 3284 1023 3367 futurorumque
1037 3288 1170 3369 pruden-

77 3370 137 3446 tia,
158 3384 206 3431 tot
224 3382 315 3445 artes,
338 3385 431 3432 tantae
446 3370 590 3442 scientiae,
614 3384 660 3432 tot
674 3370 809 3447 inventa,
832 3391 894 3433 non
910 3370 986 3453 poss'e
999 3393 1064 3434 eam
1080 3388 1171 3435 natu·

76 3476 156 3529 ram,
170 3474 239 3537 quae
254 3474 300 3517 res
316 3474 366 3517 eas
380 3457 548 3531 contineat,
561 3452 617 3517 effe
629 3456 805 3531 mortalem:
830 3454 962 3537 crimque
977 3456 1088 3539 semper
1103 3461 1170 3543 agi-

78 3542 164 3604 'tetur
181 3540 312 3617 animus,
324 3560 381 3603 uec
394 3541 576 3623 principium
589 3542 689 3603 monis
702 3542 821 3618 habeat,
837 3543 908 3624 quia
923 3542 1021 3623 seipse
1037 3560 1169 3622 moveat,

77 3622 225 3691 nelinem
241 3627 553 3707 quidemhabiturum
569 3624 624 3688 elie
638 3628 753 3704 monis,
769 3628 820 3709 qui
836 3627 994 3709 nunquam
1018 3630 1044 3692 se
1059 3630 1119 3711 ipse
1134 3626 1217 3723 susq

77 3708 239 3777 :elidiurus
248 3738 259 3788 3
282 3708 324 3787 dt,
338 3708 411 3775 crim
429 3709 552 3795 simplex
568 3712 661 3776 animi
673 3728 779 3775 natura
794 3709 875 3788 esset,
891 3733 988 3795 neque
1000 3715 1121 3778 haberet
1136 3716 1168 3778 in

78 3798 111 3862 se
128 3796 294 3881 quidquam
310 3796 470 3861 admistum
484 3798 579 3881 dispar
597 3798 641 3861 sui
656 3816 744 3881 atque
760 3798 904 3875 dissimile,
928 3820 990 3862 non
1008 3798 1084 3883 polle
1098 3820 1170 3865 eum

77 3882 195 3957 dividi:
215 3881 341 3965 quodli
364 3904 427 3957 non
449 3886 545 3965 possit,
567 3905 631 3947 non
653 3882 732 3967 polii:
757 3886 895 3947 interire:
919 3906 1089 3969 magnoque
1112 3886 1169 3950 effe

31 4014 36 4024 .
76 3984 274 4053 argumento,
288 3970 428 4032 homines
445 3970 518 4032 scire
540 3968 681 4053 pleraque
705 3970 775 4034 auti:
798 3970 887 4055 quim
913 3972 975 4035 nati
990 3970 1059 4049 sint,
1085 3974 1169 4056 quod

74 4052 143 4141 jam
163 4055 258 4137 pueri,
279 4052 353 4117 crim
366 4072 445 4117 artes
459 4057 594 4119 difficiles
608 4056 735 4133 discant,
759 4058 798 4119 ita
818 4056 952 4118 celeriter
967 4077 1012 4119 res
1027 4060 1166 4122 innume·
1176 4084 1218 4155 30

76 4140 189 4203 rabiles
201 4140 357 4223 arripiant,
375 4158 410 4203 ut
424 4164 473 4205 eas
488 4163 551 4207 uon
566 4140 633 4209 ttius
646 4144 779 4227 primum
794 4144 929 4225 accipere
938 4143 1106 4220 videantur,
1122 4144 1169 4207 sed

76 4226 243 4304 reminisci,
263 4224 467 4291 &recordare
957 4312 1055 4381 XXII
1091 4312 1123 4377 H

1058 4359 1067 4377 .
1125 4334 1171 4379 aee
