2767 4800
153 153 298 322 ¹nr.
400 154 1116 316 nrutmrcrcrnours

193 391 236 458 C.
251 389 364 466 czar,
383 401 419 452 ut
430 387 516 452 bonit
529 405 635 448 eorum
648 384 804 467 publicatis
814 405 866 467 pet
877 369 1368 468 municipia'circumfertentdra

193 475 305 544 Cicero
313 477 344 539 in
358 487 514 556 utramque
523 485 633 554 partem
642 467 784 548 disseruit,
797 491 834 533 ac
843 471 884 533 ita
889 470 975 548 dixit,
987 488 1021 534 ut
1030 471 1126 535 farere
1134 469 1263 554 potine
1274 469 1369 535 Sila-³

194 565 225 629 ni
237 562 329 646 quam
337 559 461 624 aliorum
473 557 622 620 sententia:
630 557 786 620 videretur.
809 555 851 618 Et
860 557 925 619 baec
933 574 1037 639 quarta
1045 559 1110 643 ejus
1119 558 1150 620 in
1157 555 1368 624 catilinam

193 649 291 720 oratio
303 646 370 708 fuit.
391 641 514 726 Reliqui
523 641 676 706 Senatores
683 639 794 705 Caesari
802 641 925 726 quidem
938 639 1160 706 assentiebantur
1174 663 1189 717 ς
1208 642 1270 706 fed
1280 641 1368 706 citur

196 729 278 798 Cato
286 729 444 834 Tribunus
452 727 721 827 plebissententiam
730 724 936 810 rogatuscffet,
946 730 1029 792 tanta
1038 729 1253 792 contentione
1260 729 1365 805 dixit,-

193 828 530 994 ttllttntts‘,
540 825 722 964 tnz‘lt
736 812 879 966 ilidii
887 813 1365 998 33]ῗῖἶῖᾛᾶἷὲηῶ

194 985 418 1054 universrsecuti
430 982 497 1050 srnt.
513 983 784 1068 ltaquesadlumesl
793 983 1081 1049 Smatusconsulttrm
1089 981 1278 1050 mentonis
1284 983 1361 1047 sen·

155 1071 158 1078 '
196 1075 332 1148 tentiam,
343 1093 404 1156 quo
414 1067 573 1149 lentulus,
584 1065 751 1152 Cethegus,
763 1067 911 1147 Statilius,
917 1067 1119 1148 sabim&
1128 1067 1302 1153 Ceparius
1313 1068 1360 1133 rei

103 1166 105 1171 ’
196 1157 408 1246 conjurationis
418 1169 513 1219 morte
527 1155 646 1220 multati
655 1155 743 1217 sunt:
756 1170 847 1238 atque
860 1155 1028 1218 ita·Ciccro
1038 1153 1101 1219 stne
1108 1155 1276 1231 multu,
1290 1153 1360 1218 stne

196 1242 364 1322 armis,srne
372 1241 639 1319 exercitu,sublatia
649 1239 709 1304 illis
718 1239 899 1318 bominibus,
910 1240 1109 1305 internecione
1118 1239 1223 1318 cives,
1235 1241 1356 1304 orbern

198 1330 339 1403 flammiS,
354 1325 502 1409 Rempub.
517 1327 680 1410 perditione
690 1325 834 1389 liberavit.
849 1325 965 1389 Mirum
976 1339 1077 1389 autem
1089 1324 1146 1390 suit
1156 1347 1234 1410 quo
1242 1325 1353 1408 plausu

198 1415 250 1480 sub
258 1415 406 1498 vesperam
413 1414 444 1476 in
454 1409 577 1476 domum
587 1409 699 1476 Cicero
708 1411 844 1476 redusiut
853 1410 911 1475 esic
927 1433 997 1474 nam
1005 1411 1260 1494 cliieumpatriae
1271 1411 1355 1474 hbe·

198 1517 338 1577 ratorem,
354 1498 403 1561 alii
413 1498 659 1574 conservatorem,
669 1497 717 1560 alii
729 1497 1077 1562 conditoremrocabant.
1101 1494 1233 1560 Crassus
1243 1496 1353 1580 parim

199 1587 284 1661 dixit,
294 1584 334 1663 se,
344 1583 425 1682 qubd
431 1582 499 1646 esset
505 1581 640 1660 Senator,
649 1583 731 1667 quod
740 1583 833 1660 cives,
841 1581 922 1666 quod
931 1583 1016 1661 liber,
1022 1581 1162 1647 Ciceroni
1172 1597 1352 1665 acceptum

199 1673 316 1738 referre.
338 1669 607 1753 bSyriadecedens
615 1667 772 1749 Pompeius
778 1668 1177 1750 pronunciavitseCiceronie
1185 1665 1354 1733 beneficio

199 1757 324 1842 patriam
338 1753 466 1816 visurum
480 1751 549 1827 esse,
561 1773 597 1814 ac
611 1751 714 1816 srnslri
727 1753 757 1814 se
769 1753 889 1816 tertium
901 1755 1083 1834 triumphum
1097 1753 1348 1835 deportaturum,

199 1841 325 1926 nisrejus
339 1835 485 1900 beneficio
499 1835 650 1920 Rempub.
666 1838 716 1900 ubi
727 1839 927 1919 triumpharet,
939 1837 1010 1902 esset
1022 1838 1184 1903 habiturus.
1207 1841 1265 1924 Q
1278 1838 1349 1902 Ca·

202 1927 294 2003 tulus,
309 1921 431 1990 Senanis
442 1921 593 2005 Princeps,
605 1923 716 2008 aliique
725 1943 796 1986 curn
807 1944 844 1985 eo
854 1923 974 2010 plurimi
983 1945 1052 1989 eum
1063 1939 1218 2008 parartem
1233 1925 1345 2010 patriae

199 2013 408 2084 nomindrunt.
648 2009 651 2019 '
687 2042 689 2052 ·

247 2093 500 2176 Nondtsuirequi
507 2089 1018 2178 glorioliffimumCiceronisfacinus
1024 2097 1055 2158 in
1061 2096 1202 2161 invidiam
1210 2097 1344 2173 traxere,

204 2182 235 2248 in
245 2183 346 2263 primis
357 2179 499 2242 Metellus
508 2179 543 2244 ’δι
553 2177 648 2242 Bestia
656 2181 731 2243 novi
742 2179 874 2242 Tribuni
882 2182 985 2263 plebis,
999 2182 1044 2243 sed
1054 2170 1197 2245 Metellus
1209 2181 1343 2266 praeser-

204 2269 270 2344 tim,
285 2263 337 2352 qui
349 2259 439 2346 pridie
453 2259 525 2327 Kal.
541 2263 670 2346 januarii
686 2287 756 2327 eum
767 2267 922 2331 abeuntem
933 2265 1102 2351 magistratu
1110 2270 1272 2332 concionis
1285 2269 1342 2328 baa

203 2353 307 2419 bendae
317 2349 454 2436 potestate
469 2350 600 2432 privavit.
616 2353 659 2413 At
673 2351 703 2415 id
712 2351 875 2415 nonmodb
884 2375 945 2418 non
955 2353 1052 2418 obfuit
1062 2351 1221 2433 Ciceroni,
1235 2368 1272 2418 ut
1282 2351 1342 2415 cti·

203 2460 254 2505 arn
268 2440 389 2505 summae
402 2440 465 2584 ἕως
479 2437 556 2499 laudi
572 2434 692 2499 cesserit.
738 2435 835 2514 Nam,
856 2437 928 2503 crim
942 2440 991 2503 ille
1010 2439 1128 2503 tannim
1147 2460 1221 2504 eum
1235 2441 1342 2525 jurare

204 2526 393 2607 permitterer,
433 2522 630 2603 empdblicanr
643 2521 1336 2611 &urbemsutiuniusoperdessesalvamjuravit.

205 2610 290 2675 Huic
301 2609 424 2693 populus
434 2604 554 2673 assensit.
577 2606 660 2673 Nam
674 2611 785 2693 magnai
795 2628 947 2673 voceeum
959 2607 1272 2698 vetejuraiffejuratit.

363 2802 556 2875 nunus
586 2806 751 2874 unurs
783 2772 1175 2900 connrrn'tqr.

207 2955 276 3048 Coffi
284 2955 378 3047 Junio
394 2954 500 3037 Silano,
523 2956 560 3022 L.
577 2948 689 3021 Licinio
703 2958 855 3039 Muraens,
875 2976 940 3024 anre
958 2961 1099 3051 (tristam
1113 2962 1166 3029 61.
1194 2958 1335 3027 Gemit

591 3044 814 3131 quadragrstmar
825 3047 949 3131 quintus.

162 3184 166 3189 ’
247 3176 286 3244 L.
310 3168 441 3243 Catilina
463 3176 526 3271 posi
540 3176 683 3246 detetiam
700 3197 788 3269 atque
803 3185 936 3265 punitam
954 3184 986 3249 in
999 3187 1071 3251 urbe
1087 3190 1335 3274 conjurationem

203 3286 276 3328 cum
284 3266 430 3343 exercitu,
445 3284 534 3346 quern
544 3264 701 3353 collegerat
715 3267 755 3333 C.
771 3268 904 3334 Manlius
919 3270 948 3333 in
965 3270 1095 3351 Etrurii,
1110 3275 1267 3359 profugus,
1280 3270 1331 3332 de⁴
1366 3273 1367 3284 ¹

205 3352 394 3419 sciscentibus
408 3349 523 3426 multu,
536 3348 610 3415 dum
623 3374 674 3434 per
684 3354 817 3418 'tramites
832 3371 861 3417 at
885 3377 920 3418 ue
934 3356 1014 3419 invia
1025 3374 1151 3422 ⁴conatur
1166 3360 1193 3420 se
1204 3358 1331 3441 proripe⁴

206 3460 238 3503 te
253 3438 283 3500 in
298 3434 430 3503 Galliam
443 3434 682 3519 Transalpinam,
693 3440 813 3523 in'agro
826 3380 1015 3505 Pilorienfia
1030 3443 1070 3507 C.
1087 3446 1233 3522 Antonio,
1249 3438 1332 3519 &Q

203 3520 333 3588 Metello
348 3518 859 3602 Celereclausisitineribusobsessns,
873 3526 914 3589 C.
930 3528 1054 3592 Antonii
1070 3528 1197 3593 Procon.
1209 3525 1330 3609 auspici·

206 3610 231 3671 is
246 3606 320 3671 dM.
335 3606 451 3671 Petreio
465 3610 528 3695 ejus
541 3606 640 3697 legato
654 3632 715 3674 uno
728 3612 872 3675 conflisiu
881 3611 989 3688 vidius,
1010 3614 1068 3697 ipse
1082 3636 1154 3679 curn
1164 3615 1219 3679 suis
1234 3608 1330 3676 omni-¹

206 3694 262 3755 bus
278 3691 428 3759 sortissimd
439 3694 585 3760 dimicans
598 3696 715 3759 cecidit.
757 3695 912 3774 Metellus,
935 3696 1092 3762 Tribunus
1104 3700 1208 3783 plebis,
1229 3699 1264 3762 ad
1278 3716 1328 3778 po·

207 3778 311 3859 pulum
325 3782 398 3862 egit,
420 3781 510 3843 tertio
523 3800 564 3865 qu
607 3803 644 3844 ue
657 3781 720 3845 suto
729 3784 870 3845 orationis
881 3783 972 3847 verbo
987 3784 1166 3848 Ciceronem
1177 3783 1329 3869 appellant,

207 3863 236 3926 bt
251 3884 376 3947 arguens
390 3866 416 3925 ei
433 3884 491 3927 non
506 3865 575 3928 licui
599 3887 620 3931 e
632 3862 806 3943 Lentulum,
818 3866 1038 3953 Cethegum&
1052 3871 1179 3954 reliquos
1193 3872 1271 3934 cives
1282 3868 1327 3928 in·

206 3950 287 4013 ditis
302 3950 388 4015 causi
403 3946 526 4012 necasse.
569 3952 680 4015 Cicero
694 3953 761 4017 sorti
778 3954 877 4016 auimo
890 3954 916 4015 ci
932 3953 1049 4031 restitit,
1070 3955 1099 4017 δι
1114 3971 1218 4019 contra
1232 3951 1327 4016 conci·

200 4056 297 4099 onem
330 4032 444 4095 Metelli
476 4032 595 4116 scripstt,
624 4034 698 4100 etim
723 4038 771 4099 ille
790 4040 868 4120 prior
892 4038 1047 4119 scripsrss'et.
1091 4039 1234 4106 Defendit
1256 4032 1326 4100 iirca

208 4122 285 4185 idern
302 4138 416 4203 tenpus
440 4116 475 4181 P.
497 4117 672 4185 Cornelium
696 4120 895 4206 Sullam,qui
913 4127 929 4187 ai
947 4124 985 4187 L.
1003 4125 1162 4211 Torquato
1179 4127 1214 4189 de
1228 4117 1327 4202 duplici

208 4206 411 4301 conjuratione
426 4202 623 4279 accusabatur.
660 4204 713 4275 De
725 4207 821 4290 priore
837 4209 910 4275 dixit
926 4207 1111 4293 Hortenlrus,
1132 4210 1169 4277 dc
1182 4208 1327 4359 pogtriooe

218 4328 221 4337 ·
425 4306 438 4359 t
1248 4296 1326 4357 icero
