2767 4800
378 212 922 310 »rennuerurn
1086 227 1204 342 'mr

65 372 145 447 haud
161 376 229 444 sane
249 380 319 464 quis
336 377 424 443 sacili:
439 379 608 442 retraxerit:
633 399 733 461 neque
748 377 891 460 tanqudm
905 373 1019 442 Peliam
1033 383 1159 444 re'coxea

65 473 121 533 rit:
145 468 178 532 dt
192 467 291 550 siquis
305 466 378 528 deus
392 465 467 528 mihi
482 464 636 547 largiatur,
651 482 686 525 ut
702 487 738 526 ex
761 467 817 526 hac
834 481 923 526 aetate
942 468 1157 546 repuerascam,

66 555 94 616 br
109 556 142 617 in
153 554 242 616 cunia
253 552 383 636 vagiam,
395 551 479 615 valde
499 551 651 612 recusem:
676 570 732 612 nec
745 551 816 612 verb
831 548 932 624 velim,
942 549 1025 631 quasi
1036 551 1205 642 decursozj

65 641 175 721 spatio,
199 637 234 700 ad
246 657 382 700 carceres
394 635 413 698 ὲ
425 636 508 698 calce
527 636 658 698 revocari
672 660 681 706 ς
705 636 776 718 quid
792 635 873 698 enim
890 638 981 700 habet
995 637 1055 700 vita
1069 651 1157 702 corn'··

65 723 171 788 modi?
195 723 267 805 quid
283 744 346 786 non
357 721 456 804 potius
471 719 600 783 laboris?
617 721 663 781 sed
680 721 787 782 habeat
803 718 888 798 sanim
911 723 1002 784 habet
1015 723 1095 786 certi:
1110 738 1159 788 tas

63 833 136 874 men
149 825 203 872 aut
213 808 389 894 satietatem,
403 822 455 870 aut
470 805 592 868 modum
605 833 615 879 ;
639 827 701 868 non
719 806 801 868 lubet
816 809 898 870 enim
915 809 988 872 mihi
1004 808 1157 892 deplorare

63 894 170 970 uitam,
193 891 276 976 quod
298 892 387 957 multi
406 889 471 954 &ii
487 893 568 956 dotti
591 893 667 974 saepe
690 893 842 955 fecerunt:
867 913 965 976 neque
987 915 1035 955 me
1055 893 1157 960 vixisse

62 982 206 1064 poenitet,
220 980 366 1062 quoniam
378 979 419 1041 ita
430 978 504 1053 vixi,
528 993 561 1038 ut
576 999 638 1039 non
655 973 760 1040 srustra
774 997 824 1040 me
844 995 950 1042 natum
964 977 1152 1057 existimem
1161 1003 1203 1070 3⁰

64 1067 94 1129 da
115 1075 155 1128 ἐκ
177 1069 240 1130 viti
265 1066 306 1128 ita
329 1063 459 1139 discedo,
482 1063 628 1142 tanquam
643 1083 682 1123 ex
700 1063 839 1150 hospitio,
863 1085 925 1127 non
950 1066 1094 1146 tanqudm
1116 1089 1155 1130 ex

62 1153 175 1226 domo:
198 1150 405 1215 commorandi
420 1151 501 1211 eninr
521 1163 630 1210 natura
648 1148 840 1212 diversorium
858 1151 962 1226 nobis,
986 1171 1048 1214 non
1065 1151 1154 1216 habi-

64 1237 146 1301 tandi
159 1237 255 1300 dedit.
299 1233 333 1296 O
346 1233 526 1318 praeciarum
538 1233 631 1309 diem,
653 1232 725 1297 crim
741 1236 776 1297 ad
793 1233 868 1298 illud
882 1235 1018 1299 divinum
1034 1237 1153 1300 animo-

63 1345 129 1386 rum
144 1322 312 1386 conciliu‘m
335 1339 515 1401 cretumque
539 1317 728 1401 proficiscar!
753 1342 883 1404 cumque
898 1344 935 1384 ex
951 1323 1008 1384 hac
1022 1317 1109 1386 turbt
1122 1321 1154 1386 ba

63 1405 423 1472 colluvionediscedam!
453 1403 620 1488 proficiscar
633 1406 715 1467 enim
736 1427 799 1469 non
816 1407 850 1467 ad
871 1429 922 1470 eoa
945 1404 1039 1470 soltim
1061 1410 1202 1500 viros,33
1237 1451 1241 1458 ·

63 1496 98 1556 de
118 1495 231 1578 quibus
246 1491 319 1558 ante
339 1493 421 1566 dixi3
445 1490 599 1554 sedetiam
619 1490 655 1552 ad
674 1489 826 1556 catonem
842 1513 958 1570 meum,
981 1515 1045 1575 quo
1061 1517 1152 1575 nemu

65 1582 106 1643 vir
120 1579 230 1643 melior
241 1576 392 1653 natusest,
403 1599 495 1640 nemo
506 1579 615 1659 pietate
627 1573 832 1656 praestantium
848 1580 933 1664 cujus
948 1582 965 1642 ἑ
979 1601 1027 1641 rne
1043 1601 1152 1664 corpus

62 1681 228 1729 crematum
246 1663 306 1728 est:
333 1665 415 1748 quod
431 1677 539 1726 contra
559 1663 660 1724 decuit
678 1663 717 1724 ab
732 1661 786 1725 illo
801 1685 924 1742 mcum3
945 1665 1065 1726 animus
1080 1668 1153 1730 vero

62 1772 122 1814 non
137 1769 191 1814 me
203 1751 351 1826 deserens,
367 1749 414 1811 sed
429 1749 607 1829 respedbans,
621 1749 654 1809 in
668 1767 704 1808 ea
715 1748 848 1830 profecto
860 1749 927 1814 loca
940 1749 1073 1826 discessu,
1087 1753 1153 1835 qud

63 1837 136 1900 mihi
151 1833 205 1918 ipsi
220 1836 363 1899 cernebat
383 1831 438 1897 effe
452 1831 634 1896 veniendum
646 1853 654 1892 :
664 1844 668 1850 '
678 1855 772 1916 quem
787 1855 844 1918 ego
857 1857 957 1900 meum
971 1835 1072 1900 casum
1086 1839 1200 1928 sor-40

63 1925 130 1986 titer
144 1922 310 1986 secrevistis
323 1921 408 1997 sum;
430 1941 493 1984 non
508 1920 588 2003 quod
599 1940 691 2002 aequo
703 1921 805 1982 animo
819 1923 925 1984 serrem
937 1947 949 1998 3
972 1920 1018 1983 sed
1031 1945 1080 1986 me
1091 1925 1152 2008 ipse

64 2009 247 2081 consolabar,
272 2007 444 2070 existimans
466 2025 530 2068 non
550 2003 755 2089 longinquum
770 2005 848 2069 inter
871 2029 926 2070 nos
947 2005 1105 2091 digressum
1120 2010 1152 2074 bc

62 2091 213 2158 discessum
228 2095 302 2158 sore.
347 2089 405 2154 His
419 2090 493 2156 mihi
509 2091 609 2166 rebus,
632 2087 747 2172 Scipio,
767 2090 796 2152 id
818 2094 900 2156 enirn
916 2107 945 2154 te
963 2115 1032 2156 curn
1050 2091 1151 2160 Laelio

63 2181 199 2244 admirari
208 2177 301 2242 solere
313 2177 425 2252 dixisti,
446 2177 519 2240 levis
530 2175 572 2239 est
586 2176 733 2252 senectus,
754 2197 811 2240 nec
826 2177 921 2243 soldm
937 2201 999 2242 non
1014 2181 1150 2260 molesta,

62 2266 107 2328 sed
118 2262 210 2330 etiam
220 2263 374 2350 jucunda:
397 2260 514 2346 qubdsr
533 2263 566 2326 in
580 2263 640 2325 hoc
654 2281 739 2325 erro:
762 2263 841 2346 quod
857 2267 974 2327 animos
990 2266 1146 2332 hominum
1153 2287 1199 2361 45

65 2351 246 2415 immortales
266 2347 322 2411 esse
336 2351 468 2425 credam,
489 2347 627 2411 lubenter
641 2368 728 2424 τινος
749 2370 807 2413 nec
822 2351 895 2413 mihi
911 2352 993 2417 hunc
1007 2374 1149 2432 errorem,

65 2460 125 2522 quo
135 2436 280 2512 deiedtor,
292 2437 364 2498 drim
376 2437 457 2509 vivo,
471 2433 643 2516 extorqueri
653 2432 741 2496 volo:
765 2433 807 2497 sm
820 2450 968 2512 mortuus,
977 2453 1012 2501 ut
1023 2440 1150 2522 quidam

64 2523 169 2587 minuti
182 2521 362 2606 „philosophi
382 2521 516 2595 censent,
539 2519 615 2582 nihil
635 2518 771 2597 sentiam,
793 2542 856 2583 non
874 2542 988 2597 vereor,
1012 2546 1050 2585 ne
1064 2526 1151 2589 hunc

62 2630 191 2673 errorem
205 2628 306 2671 meum
321 2608 432 2671 mortui
451 2604 618 2686 philosophi
634 2604 775 2667 irrideant
786 2625 801 2665 :·
819 2608 900 2688 quod
925 2604 1023 2671 finon
1047 2610 1149 2675 sumus

63 2692 245 2763 immortales
259 2694 366 2770 suturi,
388 2706 489 2754 tamen
502 2689 638 2774 extingui
661 2688 778 2751 homini
799 2690 850 2753 suo
864 2708 998 2773 tempore
1017 2696 1149 2778 optabile
1154 2724 1199 2791 50

63 2780 113 2845 est.
156 2778 243 2843 Nam
257 2778 346 2842 habet
360 2793 480 2852 natura,
502 2790 535 2839 ut
546 2774 671 2837 aliarum
686 2776 824 2838 omnium
840 2798 953 2853 rerum,
974 2778 1013 2843 src
1029 2783 1149 2848 vivendi

63 2867 197 2931 modum.
241 2860 386 2927 senectus
405 2879 507 2925 autem
530 2860 660 2943 petauro
680 2862 778 2923 aetatis
798 2858 840 2923 est
860 2864 1003 2947 tanquaim
1019 2866 1146 2931 sabulae:

61 2955 145 3037 cujus
158 2950 403 3036 defatigationem
418 2950 519 3031 sugere
540 2946 697 3023 debemus,
719 2946 881 3029 praeserrim
903 2952 1044 3037 adjuncti
1059 2954 1148 3018 satie-

63 3054 129 3105 tate.
171 3036 253 3101 Haec
266 3036 413 3101 habuide
435 3029 587 3097 senectute
599 3054 670 3116 quae
685 3032 836 3097 dicerem:
860 3035 895 3097 ad
921 3058 1011 3119 quam
1028 3039 1146 3104 utinam

63 3117 258 3208 pervmiatia!
282 3136 316 3187 ut
335 3141 383 3199 ea,
405 3138 475 3205 quae
495 3138 533 3183 ex
548 3138 597 3182 me
610 3114 743 3198 audistis,
764 3140 796 3184 re
811 3128 924 3205 experti
938 3126 1064 3207 probare
1076 3126 1142 3211 pos·
1150 3152 1194 3225 55

60 3211 131 3278 fitis.
173 3232 177 3238 ·
