2767 4800
359 259 983 377 nesanacauru'
1126 323 1191 402 ,u

50 437 112 518 set,
127 438 308 521 Centhone,
320 441 542 525 Tuditanoque
550 441 748 518 Consulibus,
764 444 858 522 usque
873 441 907 504 ad
920 439 1150 507 adolescentiam

27 564 28 569 κ
53 547 167 590 meam
179 534 315 612 proeeffit
327 545 424 593 aetate.
469 529 555 612 Quid
570 531 608 592 de
623 527 658 591 P.
671 526 784 592 Licinii
799 527 892 590 Crassi
912 525 941 588 δι
956 526 1102 608 pontificii
1117 524 1148 588 dt

26 658 27 663 1
52 611 162 676 civilis
170 615 248 700 juris
263 615 497 697 studioloquar?
513 616 613 679 autde
625 615 713 699 hujus
729 613 763 677 l’.
781 614 941 695 Scipionis,
952 612 1003 696 qui
1015 614 1060 676 his
1070 629 1192 696 pau-45

53 697 104 760 tis
118 699 227 764 diebus
238 699 380 764 Pontifex
388 698 543 763 Maximus
557 699 653 762 fassus
670 699 730 761 esi?
754 701 851 782 Atqui
867 721 918 762 eos
935 717 1053 776 omnes,
1068 717 1146 782 quos

49 787 311 862 commemoravi,
326 787 371 849 his
383 786 484 849 studiis
496 785 654 870 flagrantes
668 786 752 849 senes
763 787 900 848 vidimus.
936 781 984 846 M.
1001 805 1071 848 vero
1081 782 1146 844 Ce-

54 867 201 953 thegum,
225 893 317 953 quern
332 871 527 940 resiiSuadae
541 871 702 936 medullam
716 871 793 934 dixit
803 869 931 944 Ennius,
953 885 1069 954 quanto
1083 869 1146 932 stu-

53 953 112 1014 dio
125 959 259 1020 exerceri
273 959 304 1021 in
319 959 447 1021 dicendo
456 958 642 1034 videbamus,
663 959 753 1020 etiarn
771 953 887 1020 senem!
914 955 995 1037 Qrae
1009 954 1076 1020 sunt
1087 955 1146 1040 igi-

55 1051 111 1100 tur
135 1041 305 1126 epulatum,
328 1060 381 1107 aut
406 1045 558 1120 ludorum,
576 1057 629 1105 aut
644 1040 808 1106 scottorum
822 1041 990 1122 voluptates
1014 1061 1083 1102 curn
1098 1041 1145 1102 his
1150 1066 1193 1134 50

21 1127 30 1140 '
54 1123 268 1208 vuluptatibus
283 1129 514 1212 comparandae?
539 1133 642 1212 Atque
657 1129 724 1190 baec
739 1127 860 1212 quidem
876 1125 969 1190 studia
979 1125 1145 1200 dosirinae3

54 1229 132 1292 quae
146 1211 268 1296 quidem
293 1215 500 1296 prudentibus,
523 1213 554 1277 δι
572 1215 650 1277 bens
670 1211 811 1278 institutis
830 1212 938 1296 pariter
963 1233 1035 1274 curn
1057 1227 1146 1276 aetate

53 1298 218 1362 crescunt:
243 1315 276 1362 ut
289 1298 449 1364 honestum
463 1300 537 1364 illud
552 1299 673 1362 Solonis
687 1297 733 1372 stt,
755 1298 837 1383 quod
853 1301 893 1360 ait
908 1295 1052 1362 versiculo
1066 1318 1146 1379 quo-

54 1379 143 1459 dam,
166 1399 202 1445 ut
215 1401 287 1448 ante
300 1385 375 1464 dixi,
396 1385 544 1448 senescere
567 1385 596 1450 se
611 1385 705 1447 multa
726 1387 821 1448 indies
843 1383 1061 1448 addiscentem:
1086 1383 1147 1468 quai
1212 1433 1223 1452 .

55 1467 215 1550 voluptate
228 1471 321 1534 animi
336 1470 419 1534 nulla
432 1486 514 1534 certe
523 1469 618 1553 potest
628 1467 684 1533 else
699 1471 805 1554 major.
1149 1493 1192 1568 53

101 1551 180 1618 XV..
198 1553 300 1619 Venio
314 1577 399 1620 nunc
409 1557 444 1618 ad
456 1556 624 1639 voluptates
633 1556 846 1640 agricolarum,
856 1557 963 1640 quibus
973 1579 1031 1642 ego
1045 1556 1142 1619 incre·
1173 1583 1187 1627 1

54 1639 192 1703 dibiliter
204 1642 357 1718 delector,
379 1662 449 1725 quae
463 1664 520 1705 nec
539 1642 601 1705 ullai
618 1643 825 1724 impediuntur
839 1643 1003 1719 senectute,
1024 1641 1144 1704 &milti

54 1725 92 1788 ad
109 1727 252 1809 sapientis
267 1729 358 1791 vitam
378 1725 513 1808 proxim&
533 1729 673 1790 videntur
687 1729 846 1790 accedere:
871 1731 983 1792 habent
997 1729 1077 1790 enirn
1094 1748 1142 1789 ra·
1216 1786 1232 1808 ,

54 1811 176 1874 tionem
190 1833 261 1874 curn
274 1818 364 1890 terri,
378 1834 445 1897 quae
458 1833 614 1895 nunquam
626 1814 741 1876 recusat
753 1812 921 1896 imperium,
937 1837 993 1878 nec
1009 1813 1142 1897 unquim

52 1895 119 1960 stne
140 1899 227 1962 usuri
251 1899 359 1974 reddit,
375 1901 455 1981 quod
480 1899 620 1983 accepit3
643 1898 689 1963 sed
719 1900 792 1962 alias
815 1902 943 1976 minore,
966 1899 1142 1982 plerumque
1169 1923 1190 1991 ς

52 1985 173 2070 majore
185 2005 255 2046 cum
275 1985 412 2047 soenore:
435 2005 607 2069 quanquam
627 2006 676 2048 me
689 1985 812 2068 quidem
830 2007 892 2048 non
908 1989 1022 2049 fructus
1038 1983 1141 2062 modis,

50 2067 104 2130 sed
119 2069 212 2133 etiam
227 2068 314 2152 ipsrus
329 2085 416 2134 terrae
429 2073 474 2133 vis
488 2091 523 2132 ac
551 2087 657 2134 natura
681 2071 829 2144 delectat;
852 2091 919 2153 quae
937 2091 1010 2134 cum
1026 2073 1142 2155 gremio

51 2154 178 2218 mollito
185 2175 221 2219 ac
235 2157 356 2220 subacto
368 2157 469 2219 semen
483 2157 609 2238 sparsum
623 2157 753 2238 excepit,
769 2154 898 2240 primirm
915 2157 943 2219 id
956 2174 1144 2221 occaecatum

50 2240 201 2315 cohibete
221 2261 262 2303 ex
274 2262 336 2324 quo
347 2241 478 2318 occasio,
499 2243 639 2324 quaehoc
652 2243 757 2318 efficit,
780 2245 936 2306 nominata
954 2241 1012 2306 etl:
1036 2243 1143 2306 deinde

52 2326 240 2409 tepesaslum
250 2325 399 2409 vapore&
414 2327 580 2411 compressu
595 2329 648 2390 suo
658 2329 801 2405 diffindit,
824 2327 949 2392 &elicit
963 2327 1139 2392 herbescen-
1149 2354 1189 2405 to

52 2428 119 2475 tem
134 2434 173 2475 ex
194 2434 233 2474 eo
252 2413 430 2477 viriditatem
441 2442 452 2490 3
475 2436 546 2496 quae
569 2416 642 2477 nixa
657 2412 739 2476 fibris
758 2412 891 2495 stirpium
914 2414 1016 2478 sensim
1040 2416 1141 2478 ad'ole-

51 2498 123 2575 scit,
146 2498 308 2579 culmoque
321 2498 420 2562 erecta
441 2501 625 2583 geniculato,
648 2499 765 2583 vaginis
785 2500 849 2584 jam
872 2498 954 2580 quast
977 2500 1141 2580 pubescens

50 2581 232 2660 includitur,
252 2582 270 2647 ὃ
289 2582 401 2666 quibus
421 2606 491 2647 cum
505 2584 665 2657 emerserit,
687 2584 788 2647 fundit
802 2585 920 2667 frugem
933 2584 1014 2665 spici,
1036 2584 1142 2649 ordine

50 2666 209 2748 strustam,
224 2669 371 2732 &contra
381 2670 483 2733 avium
499 2672 654 2731 minorum
668 2670 784 2735 morsus
796 2672 932 2731 munitur
944 2669 1023 2733 vallo
1036 2668 1139 2733 arista·

51 2774 133 2817 rum.
159 2807 164 2816 ,
180 2753 267 2837 Quid
276 2776 334 2839 ego
343 2754 450 2817 vitium
463 2756 552 2831 satus,
574 2769 670 2831 ortus,
685 2754 870 2818 incrementa
881 2774 1115 2818 commemorem
1125 2754 1137 2819 l
1149 2778 1187 2851 ¹5

48 2840 149 2902 satiari
161 2840 360 2904 delectatione
369 2862 433 2903 non
444 2838 572 2924 possum,
594 2854 628 2903 ut
639 2860 715 2902 meae
728 2838 890 2903 senectutis
904 2840 1067 2924 requietem
1080 2842 1139 2904 ob-
1223 2848 1232 2875 ¹

49 2926 293 3009 lectamentaque
306 2926 498 3007 pernoscatis.
544 2925 669 2989 Omitto
689 2926 771 2991 enim
787 2926 849 2989 virn
874 2925 965 3007 ipsam
989 2926 1139 3004 omnium,

51 3031 123 3098 quae
146 3026 328 3095 generantur
342 3008 359 3072 ἒ
374 3014 472 3089 terr23
495 3033 563 3095 quae
576 3034 616 3075 ex
629 3009 678 3075 lici
694 3010 814 3075 tantulo
827 3032 935 3097 grano,
957 3026 1010 3075 aut
1024 3032 1061 3073 ex
1075 3013 1140 3074 aci·

50 3119 95 3160 no
108 3096 247 3173 vinaceo,
262 3113 321 3185 'aut
341 3116 381 3159 ex
401 3113 577 3161 caeterarum
596 3098 720 3181 frugum
734 3116 769 3159 ac
788 3094 920 3179 stirpium
936 3098 1139 3161 minutissimis

48 3182 214 3245 seminibus
229 3199 329 3245 tantos
346 3199 470 3249 truncos
491 3184 646 3266 ramosque
667 3196 823 3263 procreat:
847 3182 991 3260 malleoli,
1014 3182 1188 3265 plantae,2o

49 3270 212 3343 sarmenta,
227 3270 286 3331 vivi
302 3268 427 3346 radices,
443 3270 632 3354 propagines,
647 3288 752 3331 nonne
766 3288 801 3330 ea
815 3269 964 3355 efficiunt,
980 3283 1013 3330 ut
1027 3288 1138 3352 quem·

48 3355 97 3416 vis
112 3374 183 3418 curn
198 3353 395 3418 admiratione
417 3352 589 3417 delectent?
612 3350 695 3415 Vitis
709 3352 845 3435 quidem,
868 3374 936 3437 quae
953 3356 1058 3416 naturd
1084 3374 1138 3417 ca-

49 3440 130 3503 duca
140 3438 195 3515 est,
216 3438 246 3501 δι
265 3437 320 3503 nist
334 3438 410 3503 fulta
423 3438 470 3513 stt,
492 3442 529 3501 ad
543 3456 652 3501 terram
676 3438 791 3513 fertur,
813 3437 930 3517 eadem,
952 3452 986 3502 ut
1001 3438 1029 3501 se
1043 3440 1138 3523 erigat

50 3524 206 3588 claviculis
216 3525 283 3601 suis,
304 3522 386 3608 quast
395 3526 546 3600 manibus,
567 3523 712 3607 quicquid
725 3522 767 3584 esf
782 3537 882 3602 nacta,
902 3520 1135 3605 complectitur:

49 3615 142 3692 quam
156 3610 320 3692 serpentem
334 3610 492 3695 multipiici
507 3607 585 3692 lapsa
606 3611 636 3673 δι
649 3610 788 3672 erratico·
809 3610 1057 3691 serro'amputans
1080 3630 1186 3704 co·25

51 3710 133 3758 ercet
145 3716 192 3757 ars
206 3695 418 3781 agricolarum,
440 3718 480 3762 ne
494 3694 625 3758 silvescat
638 3695 805 3768 sarmentis,
827 3694 857 3759 δι
871 3696 903 3757 in
918 3714 1024 3759 omnes
1038 3710 1136 3777 partes

51 3782 146 3845 nimia
167 3781 319 3845 fundatur.
366 3778 473 3861 Itaque
492 3782 618 3843 ineunte
631 3800 699 3842 vere
722 3778 753 3842 in
779 3780 827 3854 iis,
849 3800 918 3861 quae
940 3782 1044 3843 relicta
1057 3780 1136 3858 sunt,

48 3866 149 3929 existit
161 3882 305 3949 tanquam
325 3869 363 3929 ad
378 3867 520 3929 articulos
534 3866 751 3928 sarmentorum
766 3884 813 3939 ea,
834 3886 901 3947 quae
923 3886 1044 3950 gemma
1058 3866 1137 3929 dici·

51 3970 120 4016 tur:
145 3954 163 4013 ai
177 3972 239 4035 quo
252 3953 353 4017 oriens
366 3973 425 4015 uva
438 3952 496 4013 sese
509 3948 656 4015 ostendit:
680 3970 750 4031 quae
765 3951 795 4015 δι
812 3951 900 4014 succo
915 3967 1015 4028 terrae,
1038 3952 1066 4017 δι
1082 3972 1135 4015 ca-

49 4038 115 4101 lore
137 4036 205 4100 solis
224 4039 387 4125 augescens
401 4036 499 4119 prima
520 4034 564 4098 est
577 4037 736 4119 peracerba
750 4034 881 4119 gustatu,
903 4034 1012 4099 deinde
1034 4052 1185 4129 matu-30

50 4141 114 4189 rata
126 4122 288 4187 dulcescit:
312 4122 473 4207 vestitaque
487 4121 647 4204 pampinis,
662 4142 719 4183 nec
734 4122 855 4185 modico
866 4136 1000 4204 tempore
1011 4136 1091 4185 caret
1106 4123 1138 4196 δι

51 4209 162 4274 nimios
190 4208 259 4272 solis
272 4209 406 4273 defendit
430 4208 570 4285 ardores;
593 4208 740 4289 quiquid
756 4204 851 4289 poteli
873 4204 1011 4271 esserum
1037 4210 1137 4273 sructu

49 4295 162 4377 laetius,
184 4308 252 4367 tum
268 4295 387 4391 aspectu
400 4294 553 4383 pulchrius
549 4290 591 4451 ὦ
601 4293 689 4379 cujus
699 4294 820 4375 quidem
831 4314 894 4359 non
907 4292 1020 4360 utilitas
1030 4294 1138 4443 nielso-

603 4398 636 4446 m
657 4398 680 4465 4
1085 4398 1137 4447 uin
