2767 4800
206 245 281 322 452
400 219 460 300 ui.
497 215 735 296 russii
772 175 1140 300 ciceronis

257 365 350 432 Creta
359 356 424 450 poll
438 367 488 432 M.
504 365 590 433 Bruti
601 367 748 432 decessum
764 371 863 452 potuit
877 369 1008 447 liberari,
1022 393 1092 437 cum
1108 373 1218 437 Creta
1241 375 1335 440 nihil
1350 393 1370 454 al

258 451 400 530 Brutum,
422 454 540 518 Caesare
554 458 635 532 vivo,
662 457 847 537 pertineret?
871 459 915 518 At
930 458 1018 541 hujus
1033 461 1225 524 venditione
1244 459 1370 534 decretl

210 555 251 619 25
259 561 297 602 ne
312 541 386 602 nihil
398 539 498 602 aetum
514 541 635 623 putetis,
662 543 844 621 provinciam
861 541 984 605 Cretam
1007 545 1181 623 perdidistis.
1252 539 1370 610 Omnil

258 645 300 687 no
315 645 406 687 tiemo
431 625 521 687 ullius
540 627 581 688 rei
605 627 664 688 fuit
677 643 806 704 emptor,
829 630 880 690 cui
895 627 1021 689 desuerit
1040 630 1090 692 liic
1110 633 1291 695 venditor.
1344 619 1370 694 Fl

256 710 294 770 de
308 709 445 772 exulibus
469 712 580 795 legem,
602 732 695 794 quam
721 710 818 788 fixisti,
841 711 942 776 Caesar
966 713 1060 778 tulit?
1085 715 1207 780 nullius
1230 719 1370 792 infeslol

257 795 479 857 calamitatem:
503 815 621 860 tantum
636 817 758 879 queror,
774 798 904 878 primitm
917 819 1021 860 eorum
1035 801 1145 863 reditus
1157 803 1370 886 inquinatos}

256 899 388 960 quorum
417 884 535 946 causam
561 882 725 963 dissimilem
749 882 852 946 Caesar
869 885 1064 970 judicaverit:
1094 887 1207 951 deinde
1247 891 1370 994 nescioq

210 977 311 1044 30cur
335 965 459 1048 reliquis
483 968 562 1030 idem
592 988 655 1029 non
677 968 807 1030 tribuas:
842 991 939 1051 neque
962 967 1137 1052 enim'plus
1163 995 1277 1058 quain
1312 992 1370 1040 tres

257 1065 311 1110 aut
333 1067 464 1134 quatuor
484 1053 587 1134 reliqui
610 1052 700 1114 sunt:
724 1055 777 1135 qui
805 1051 892 1116 simili
917 1055 947 1116 in
971 1054 1142 1119 calamitate
1171 1060 1271 1138 sunt,
1317 1057 1370 1134 cul

152 1182 159 1199 .
255 1137 307 1197 tud
336 1134 533 1198 misericordia
560 1136 647 1200 simili
673 1135 737 1200 non
762 1137 926 1202 fruuntur?
951 1159 1003 1202 cur
1028 1161 1079 1205 eoi
1104 1141 1196 1206 habes
1222 1147 1265 1208 iri
1294 1147 1370 1224 locd

254 1219 375 1300 patrui?
409 1221 445 1283 de
469 1243 532 1302 quo
550 1223 636 1297 serre,
658 1243 730 1284 cum
754 1221 791 1284 de
818 1225 938 1306 reliquis
960 1225 1061 1301 serres,
1081 1227 1204 1293 noluisti
1217 1257 1231 1306 ;
1264 1253 1370 1314 quein

256 1306 347 1366 etiam
363 1305 398 1366 ad
414 1307 745 1391 censurampetendam
755 1309 909 1390 impulisti,
925 1329 1050 1391 eamque
1065 1314 1246 1392 petitionem
1267 1321 1370 1394 com-3

207 1388 373 1472 35parasti,
395 1411 464 1471 quae
478 1391 509 1454 se
523 1393 593 1456 risus
605 1394 761 1456 bominum
777 1395 807 1457 dr
821 1395 957 1475 querelas
971 1412 1114 1460 moveret.
1157 1397 1223 1462 Cirr
1240 1419 1370 1474 autem,

254 1496 289 1536 ea
303 1477 425 1537 comitia
438 1498 499 1539 nori
518 1478 668 1542 habuisti?
692 1500 731 1541 ari
746 1480 815 1560 quia
826 1479 1099 1560 Tribunus-plebis
1114 1483 1265 1550 sinistrum
1286 1491 1359 1551 ful-

252 1580 325 1622 men
340 1561 526 1624 nunciabat?
550 1562 621 1627 ciim
637 1579 689 1628 tua
700 1563 769 1648 quid
780 1563 911 1643 interest,
925 1566 1007 1629 nulla
1017 1569 1146 1648 auspicia
1161 1570 1245 1634 sunt:
1273 1575 1361 1639 crim

252 1660 377 1718 tuorum
406 1663 469 1708 tam
498 1647 533 1709 sis
563 1648 742 1734 religiosus?
780 1648 874 1732 quidl
908 1653 1037 1714 eundem
1073 1655 1103 1716 iii
1134 1658 1358 1738 septemviram

151 1717 163 1740 ‘
190 1783 198 1798 ,
253 1752 358 1793 nonne
386 1731 566 1797 destituisti?
588 1735 750 1799 intervenit
778 1737 879 1797 enim:
904 1738 974 1820 quid
999 1739 1153 1802 metuisti?
1178 1745 1290 1822 credo,
1315 1769 1356 1808 ne

205 1815 336 1898 4osalvo
364 1819 463 1900 capite
484 1839 595 1904 negare
617 1841 680 1884 nori
701 1818 813 1907 posses:
837 1825 977 1886 omnibuis
1002 1841 1072 1885 eum
1097 1829 1301 1898 contumeliis
1317 1854 1354 1894 o-

284 2027 326 2074 η.
344 2013 406 2061 Creta
424 2013 479 2062 nibil
493 2013 649 2081 addenem]
666 2019 740 2065 Caesar
755 2017 779 2065 in
812 2017 867 2080 qudd
889 2017 989 2068 homines
1008 2023 1113 2085 ejusmodi
1136 2025 1216 2074 tierent
1237 2029 1349 2076 Censura!

253 2091 336 2125 aurium
348 2080 475 2140 sequentem
486 2081 557 2128 Cassio
571 2085 665 2142 Syriam,
677 2087 699 2128 da
713 2085 780 2130 Bruto
811 2081 928 2143 candidati,
946 2091 967 2132 dr
985 2089 1041 2149 quiid
1059 2091 1091 2136 vir
1106 2091 1254 2140 nubiliffirrius
1271 2096 1302 2142 sic
1319 2099 1345 2142 ab

252 2142 408 2190 Macedoniarn
425 2147 559 2199 decreverat,
576 2160 602 2192 ut
619 2148 685 2196 refert
697 2148 780 2210 Appi:-
812 2148 912 2206 Antonio
922 2151 1041 2201 luderetur.
1152 2157 1157 2168 '

253 2219 296 2252 nus
308 2206 345 2250 lib.
361 2221 382 2266 3.
395 2209 422 2252 de
435 2209 487 2254 bell.
499 2210 558 2255 civil.
846 2216 884 2276 36·
901 2215 986 2262 comnia
1004 2235 1047 2278 non,
1060 2217 1170 2284 habuisti]
1199 2222 1314 2272 Censores
1332 2222 1345 2272 t

285 2270 325 2315 26.
343 2271 515 2335 nicandrum]
533 2273 571 2319 Μ.
584 2268 707 2322 Antonios.
812 2278 943 2327 Consulibus
970 2283 1066 2330 eomitiis
1088 2286 1214 2332 centuriatis
1237 2291 1342 2338 creaban-

284 2343 325 2392 27.
342 2333 378 2380 De
387 2334 505 2401 exulibus]
521 2337 668 2384 commentus
684 2339 716 2386 est
727 2341 778 2386 An·
811 2353 857 2389 tur.

252 2397 326 2445 ionius
342 2399 413 2459 legem
421 2399 489 2448 liit'am
499 2401 564 2449 fitne
579 2402 592 2450 a
610 2405 693 2451 Caesare
702 2404 728 2451 de
739 2421 780 2453 rir-
843 2410 877 2455 lb.
896 2409 933 2457 Ari
951 2414 1001 2475 quia
1013 2412 1195 2478 ‘Tribunus-plebis
1205 2418 1342 2482 finissem]

157 2477 159 2492 ,
251 2464 327 2513 iilibus
339 2467 471 2523 revocandis,
489 2484 556 2528 quam
575 2471 601 2515 ad
615 2471 730 2516 columnas
740 2486 779 2531 ap·
811 2472 896 2521 lroniee
922 2476 986 2533 ridet,
1012 2480 1068 2539 quud
1092 2480 1160 2527 suerit
1184 2484 1339 2543 proliibitusi

252 2527 317 2589 pendi
333 2529 411 2576 voluit.
812 2538 905 2586 eomitiis
924 2538 1029 2588 habendis
1052 2545 1221 2597 obnuntiatione
1247 2550 1340 2611 alicujus

285 2593 325 2639 28.
344 2588 622 2661 Redirurinquinani.]1rl
638 2599 678 2656 en,
699 2598 778 2647 reditur
811 2603 916 2659 Tribuni,
933 2606 969 2665 qul
985 2606 1070 2656 fulmen
1085 2610 1168 2671 aliquod
1181 2610 1294 2661 sinistrum
1306 2614 1340 2660 vi-

251 2654 374 2715 ignominia
387 2671 481 2717 notatos,
497 2665 554 2722 quod
572 2662 638 2708 serius
656 2663 720 2725 aliqui
731 2664 778 2712 aliis
810 2668 879 2723 derat,
897 2672 952 2730 quod
970 2670 1071 2718 vitiosum
1091 2686 1136 2719 erat
1154 2676 1267 2723 comitiis:
1287 2696 1337 2726 iiam

252 2721 424 2771 restituerentur.
474 2726 563 2783 Legunt
586 2729 674 2789 quidam
701 2727 779 2775 reditas
811 2740 899 2778 tonante
911 2734 1145 2798 joselesulgurante,
1161 2740 1254 2788 comitia
1263 2744 1336 2792 haberi

251 2791 355 2846 equare,
373 2787 422 2848 quia
438 2786 542 2850 quosdam
552 2790 645 2837 restituit
656 2794 777 2850 Antonius,
811 2796 880 2843 nefas.

253 2863 346 2907 quorum
358 2851 429 2898 causae
445 2854 558 2901 dissimiles
573 2868 651 2903 erant:
670 2858 778 2904 namdis-
844 2862 882 2922 38.
901 2862 1034 2929 RcdgiisusJ
1061 2866 1141 2914 ironia.
1162 2871 1242 2929 Augur
1261 2884 1333 2922 autem

252 2912 357 2960 fimilium
380 2918 486 2963 dissimilis
504 2919 558 2964 ratio
574 2920 617 2965 esl'e
636 2922 714 2981 debet;
740 2923 778 2983 qui
809 2936 855 2969 etat
876 2930 995 2983 Antonius,
1023 2930 1113 2993 ideoque
1132 2934 1252 2993 religiosus,
1277 2942 1333 2986 unde

252 2977 339 3036 gravide
365 2991 491 3039 persentit,
524 2982 610 3041 gravitr
637 2986 708 3046 puniri
741 3002 778 3047 par
810 2990 1069 3052 soorauspltiissubelle
1086 3012 1129 3041 noir
1149 3000 1294 3059 existimabat,
1311 3010 1332 3049 n·

252 3040 292 3086 est.
326 3044 369 3089 Eos
385 3058 461 3091 autem
478 3046 574 3106 aequavit
590 3050 711 3103 Antonius,
728 3052 778 3113 qiiia
810 3052 831 3099 se
842 3072 865 3103 ae
879 3057 926 3103 suns
936 3070 998 3105 extra
1014 3060 1087 3107 omnia
1100 3061 1194 3123 auspicia
1204 3064 1330 3125 politoresle

251 3120 298 3151 riori
309 3122 337 3153 ex
348 3108 439 3155 Caesan's
453 3123 538 3166 merite,
554 3112 592 3158 sed
603 3129 631 3161 ex
641 3114 679 3162 sua
688 3116 777 3163 libidine
810 3115 849 3165 libi
860 3120 1005 3180 persuadebat.

253 3172 354 3217 restituit.
842 3184 876 3231 lb.
895 3186 1200 3255 Eniidenii'nsepnmviratu.]
1222 3194 1280 3243 Cum
1301 3198 1327 3246 C.

287 3249 325 3295 32.
343 3236 525 3304 solemni]
550 3238 580 3286 C.
597 3240 777 3292 Antoniusolim
809 3249 922 3295 Antonius
961 3251 1136 3312 septemviritum
1174 3268 1261 3317 peteret,
1302 3264 1327 3309 ab

252 3295 276 3344 in
296 3301 416 3348 Consulatu
437 3304 522 3363 collega
539 3305 662 3365 Ciceronis,
687 3318 777 3368 patruus
809 3314 908 3359 Antonio
927 3315 1015 3362 relidlus
1037 3319 1076 3364 est.
1109 3320 1235 3379 Septimum
1256 3334 1326 3375 autem

251 3362 290 3408 M.
301 3365 402 3423 Antonii,
418 3367 629 3417 aecusatiittcoetio
637 3372 663 3417 de
671 3384 776 3431 repeton·
809 3375 837 3421 illi
854 3378 961 3438 Epulones
979 3380 1031 3427 dieti
1050 3382 1109 3437 sunt,
1130 3383 1185 3445 quoi
1203 3388 1271 3447 epulas
1288 3392 1325 3439 io·

251 3425 292 3482 dis,
318 3430 347 3475 ob
371 3432 528 3479 Macedoniam
553 3435 579 3479 ab
601 3450 627 3482 eo
643 3438 775 3497 expilatam
808 3440 894 3489 dicendi
919 3444 970 3508 Jovi
995 3438 1123 3508 caeterisque
1142 3448 1184 3494 diis
1204 3454 1323 3511 patestatem
1369 3452 1370 3455 ’

250 3490 353 3539 defensus
363 3492 377 3540 i
387 3496 502 3553 Cicerone,
517 3496 583 3550 eiiilio
599 3500 714 3547 dannatus
725 3500 775 3549 sire:
807 3504 920 3555 baberent.

210 3562 214 3567 '
250 3565 293 3601 rat.
326 3558 368 3604 Sed
383 3559 557 3609 lioetAiitoniua
573 3565 654 3611 multos
670 3568 696 3611 ab
713 3566 777 3614 exilio
842 3586 882 3632 39.
900 3572 1101 3639 incovenientia]
1129 3577 1153 3621 ld
1166 3578 1320 3633 etl,adsuitC·

249 3632 359 3667 revocatos
373 3623 397 3669 in
414 3622 524 3683 pristinam
541 3627 669 3686 dignitatem
687 3632 775 3677 restitu-
807 3634 938 3695 Antonius,
965 3655 1029 3699 quare
1047 3640 1163 3687 absentiam
1182 3642 1257 3691 <autin
1277 3666 1319 3697 noo

250 3695 307 3741 eret,
322 3687 350 3731 de
368 3698 443 3747 patruo
459 3690 498 3738 suo
508 3692 591 3740 nullam
601 3708 699 3755 unquam
709 3710 774 3743 men·
805 3700 876 3759 potuit
887 3704 1007 3750 Antonios.

248 3747 332 3795 tionem
344 3750 408 3797 fecit.
836 3764 872 3811 lb.
898 3768 934 3812 Ne
948 3752 1010 3830 ‘salui
1031 3766 1119 3833 cupite]
1147 3770 1318 3835 Sic-interpretor

282 3826 321 3873 34.
341 3815 383 3861 Ad
401 3813 504 3881 censuram
521 3819 632 3881 petendari
652 3822 772 3889 impulisti]
805 3841 858 3877 turn
870 3831 1006 3879 Maturatioi
1025 3834 1053 3880 sd
1068 3834 1104 3896 esi,
1114 3833 1182 3897 salem
1200 3832 1226 3881 δι’
1244 3840 1316 3903 iringm

248 3874 310 3924 Curii
331 3882 443 3926 Antonius
462 3884 533 3942 postea
555 3884 630 3933 suisset
649 3890 771 3947 restitutus,
796 3893 864 3955 sana
879 3896 903 3942 C.
915 3898 1008 3953 Antonii,
1025 3915 1083 3970 puerit
1100 3900 1172 3944 uinco
1188 3900 1315 3963 adestivn‘air

147 3969 150 3976 -
246 3952 300 3986 eum
326 3944 352 3987 ad
378 3945 492 3992 censuram
518 3951 635 4007 petendam
659 3953 772 4012 excitavit,
803 3960 915 4016 Antonius,
939 3969 964 4010 nt
990 3964 1065 4021 majori
1084 3962 1178 4009 dedecori
1202 3964 1313 4029 afficeretur,

246 3997 411 4077 subqrnavitque
431 4007 533 4084 laqmiriet
553 4013 711 4092 levisimoe'pe
731 4022 770 4064 ab·
803 4038 849 4069 runi
867 4040 940 4097 negare
951 4024 1123 4093 septemvirum
1140 4030 1159 4076 ri'
1176 4030 1312 4095 litigiosam

242 4066 382 4140 iestiffunoe,
400 4088 436 4133 qui
456 4074 769 4143 illinielsentcompetitoresi
802 4089 917 4153 nonpofflt.
1055 4092 1061 4101 '

245 4132 301 4190 quod
314 4134 335 4180 n
346 4135 401 4183 risui
413 4137 531 4190 somnum
540 4142 619 4205 morit,
630 4144 769 4210 liquerint,

1143 4318 1145 4320 ·
1206 4286 1305 4368 neiilli,
