2767 4800
379 289 441 350 nt
485 258 936 349 SENECTUTE.
1121 289 1194 372 fin

40 417 126 490 mvl
148 411 329 486 senedlutem
343 417 404 484 stne
422 415 563 500 querelail
587 416 639 498 qui
658 413 1047 482 sedrlihidinum'vineulis
1067 415 1197 482 laxa-ro

41 523 101 586 tp·
116 509 180 574 esse
199 529 261 572 non
279 502 400 569 molesti
415 505 534 580 serrent,
556 523 610 569 nec
624 502 642 564 d
656 503 715 566 suis
729 502 941 586 despicerentur
957 523 965 564 :
991 501 1035 564 sed
1048 504 1152 568 omni-

44 617 109 660 um
126 593 293 660 istiusmodi
312 589 500 673 querelarum
515 591 547 650 in
570 587 703 650 moribus
721 587 764 652 eli
785 587 883 670 culpa,
905 609 966 651 non
992 589 1022 652 in
1038 603 1149 667 aetate;

44 682 207 746 moderati
220 680 315 754 enim,
337 675 367 740 dt
389 696 445 740 nec
462 672 609 747 difficiles,
630 694 687 737 nec
709 673 859 736 inhumani
875 673 1151 740 senet-..tolerabilem

47 783 159 850 agunt
172 765 362 830 senedlutem.
408 760 623 843 importunitas
639 777 741 822 autem
755 757 784 822 dr
799 759 1089 828 inhumanitacomni
1104 782 1147 822 ae·
1190 769 1192 774 '

48 870 120 916 tate
146 851 270 916 mosella
289 847 356 918 est.
368 875 371 881 ¹
385 844 458 910 Lael.
487 843 549 921 Est,
571 861 605 906 ut
617 845 705 922 dicis,
726 841 807 911 Cato
818 871 829 920 ς
852 843 897 908 sed
912 845 1032 910 fortasse
1045 847 1197 933 dixerittg

50 939 221 1022 quispiam,
240 936 294 999 tibi
308 947 427 1015 propter
439 947 509 1012 opes
523 930 553 994 dt
568 931 680 1012 copias,
695 931 725 996 dt
740 929 913 1014 dignitatem
928 944 1023 1007 tuam,
1042 931 1149 998 tolera-

50 1025 204 1088 biliorem
216 1021 393 1086 senedlurem
407 1018 520 1092 videri,
543 1016 573 1078 id
584 1033 684 1080 autern
695 1035 756 1086 non
767 1013 844 1098 polle
857 1015 958 1081 multis
966 1017 1151 1101 contingere.

56 1109 148 1174 stre.
196 1107 249 1172 Est
269 1107 364 1170 isthuc
378 1103 512 1185 quidem,
535 1099 608 1166 Laeli
629 1101 760 1184 aliquid,
783 1101 828 1163 sed
842 1101 1032 1184 ncquaqudm
1046 1103 1078 1166 in
1096 1102 1153 1167 isto

54 1197 134 1260 sunt
144 1196 267 1261 omnint
290 1208 325 1254 ut
336 1188 555 1255 Themistocles
569 1187 660 1252 sertor
675 1186 809 1269 Seriphio
819 1187 938 1252 cuidam
950 1190 980 1250 in
991 1189 1092 1274 jurgio
1103 1209 1151 1252 te·

55 1280 222 1364 spondili«,
243 1279 315 1352 clun
332 1277 382 1340 ille
395 1273 519 1352 dixisset,
532 1293 594 1336 non
608 1295 676 1337 eum
692 1273 755 1350 srrd,
770 1273 816 1336 sed
832 1273 933 1354 patria
946 1271 1041 1356 gloria
1054 1273 1198 1356 splen-to

58 1371 173 1432 dorem
187 1364 364 1428 assecutum:
389 1360 459 1425 Nec
480 1358 611 1434 herculi,
633 1360 746 1440 inquit,
767 1357 789 1428 st
808 1379 868 1442 ego
885 1357 1032 1439 Seriphius
1052 1359 1152 1435 essem,
1176 1347 1181 1358 ⁴

57 1451 202 1528 nobilior
223 1471 279 1514 nec
294 1466 341 1525 tu,
355 1447 377 1511 sr
389 1443 575 1510 Atheniensis
586 1443 668 1520 elles,
683 1443 780 1508 elatus
795 1443 929 1529 unquam
940 1443 1056 1510 fuisses:
1072 1447 1154 1531 quod

59 1541 176 1606 eodem
196 1537 286 1601 modo
298 1534 336 1597 de
350 1533 495 1596 senchiure
513 1530 607 1611 poteli
620 1531 689 1594 dici.
714 1529 828 1614 Neque
837 1531 919 1594 eninr
933 1531 1089 1596 insomnii
1104 1533 1153 1596 in·

62 1627 138 1708 opii
152 1623 227 1687 levis
239 1619 297 1685 else
312 1617 441 1684 sencssur
456 1614 561 1699 potest,
582 1637 621 1680 ne
633 1615 752 1700 sapienti
770 1615 892 1696 quidem
905 1643 915 1694 ς
938 1637 993 1680 nec
1007 1615 1153 1700 insipienti

62 1715 160 1776 etiam
176 1712 208 1772 in
222 1709 337 1772 summi
348 1707 436 1785 copia
455 1725 516 1769 non
533 1701 642 1786 grauia.
687 1702 842 1782 Aptissima
852 1702 977 1767 omnino
991 1703 1068 1780 sunt,
1086 1703 1199 1790 Sci-25

66 1801 133 1881 pio,
156 1796 187 1860 dr
207 1793 295 1870 Laeli,
315 1807 397 1854 arun
414 1788 580 1863 senediutis,
600 1803 677 1851 artes
696 1787 973 1872 exercitationesque
987 1789 1131 1856 virtutum
1143 1810 1160 1869 :g

66 1871 997 2042 lissllihiis'iloi“in‘i‘m‘llamll‘lhllulsslilffli'e
1010 1873 1154 2026 llll?
1211 1918 1213 1924 ’

325 2008 336 2041 2
926 2003 937 2036 2

69 2073 126 2121 mo
140 2052 260 2136 quidem
279 2067 412 2130 tempore
430 2047 537 2123 aetatis,
558 2043 729 2127 quanquam
746 2043 773 2106 id
789 2044 953 2110 maximum
974 2045 1030 2123 est,
1052 2068 1154 2111 rerum
1225 2073 1236 2088 ·

70 2141 163 2204 etiarn
178 2138 246 2218 quia
259 2133 441 2198 conscientia
462 2132 536 2194 bene
548 2131 624 2198 aare
638 2132 720 2206 vitae,
742 2129 964 2214 multorumque
983 2132 1202 2222 hunnido-30

72 2241 139 2290 runa
154 2221 330 2295 recordatio,
348 2213 622 2305 jucundiflimaest.
1117 2233 1118 2238 ¹
1171 2245 1177 2284 ;

66 2303 77 2318 ’
115 2309 175 2375 tv.
191 2303 508 2392 EgoQMaximum,
516 2323 600 2377 eom,
611 2302 663 2386 qui
673 2299 845 2368 Tarentum
856 2301 979 2385 recepit,
990 2301 1156 2370 adolescere

73 2399 116 2464 ita
128 2395 216 2459 dilexi
232 2393 341 2468 senem,
364 2406 398 2455 ut
413 2390 579 2472 aequalem;
600 2388 758 2455 eratenim
773 2389 825 2455 illo
846 2389 910 2455 viro
923 2391 1063 2453 connitere
1079 2412 1156 2455 con-

72 2486 135 2549 dita
147 2480 276 2565 gravitas
289 2500 296 2540 :
319 2500 374 2541 nec
383 2476 515 2541 senedlus
522 2494 619 2539 mores
631 2490 813 2549 mutaueratr
836 2473 1010 2559 quasiquinr
1020 2496 1089 2539 eum
1101 2496 1157 2539 co·

75 2570 137 2635 lere
156 2567 238 2647 coepi
257 2568 319 2629 na
338 2562 499 2627 admodrim
523 2560 664 2644 grandem
689 2577 772 2637 natu,
801 2560 847 2623 sed
870 2574 968 2623 tamen
985 2561 1050 2644 jam
1071 2578 1160 2625 aetaoe

74 2654 268 2739 proredium
290 2671 371 2715 anno
381 2651 463 2711 enirn
476 2646 542 2729 post
551 2642 664 2708 Consul
675 2645 804 2725 primurn
818 2646 922 2720 suerat,
931 2644 1022 2729 quim
1034 2667 1093 2730 ego
1101 2668 1157 2709 na·
1169 2698 1176 2713 .
1181 2666 1201 2733 5

75 2758 124 2805 tus
139 2740 222 2804 sum:
245 2756 376 2817 cumque
387 2756 424 2796 eo
439 2729 578 2817 quartum
592 2728 721 2793 Consule
735 2731 967 2795 adolescentulus
980 2729 1065 2797 miles
1088 2754 1158 2813 pro-

76 2826 172 2891 sedius
185 2824 248 2885 sum
263 2822 300 2883 ad
309 2815 458 2903 Capuam,
473 2820 639 2901 quintoque
653 2838 733 2879 anno
747 2814 810 2897 post
823 2817 858 2879 ad
870 2814 1043 2881 Tarentum
1058 2818 1158 2899 Quae·

77 2911 154 2977 lior:
177 2906 417 2980 deindeAEdilis,
438 2903 632 2988 quadriennio
651 2902 715 2983 post
728 2902 822 3009 saclup
835 2902 898 2965 sum
913 2900 1044 2967 Praetor:
1067 2924 1160 2989 quem

76 2988 767 3138 u
783 2986 931 3139 nn
943 3075 1206 3145 ω

79 3169 145 3239 suit.
188 3164 250 3228 Hic
261 3170 294 3229 dr
305 3164 416 3227 bellurn
431 3162 551 3245 gerebat
562 3176 596 3223 ut
605 3160 784 3236 adolescens,
798 3182 867 3225 curn
882 3160 968 3242 pune
982 3161 1101 3243 grandis
1114 3162 1159 3223 cs-

79 3256 141 3333 set3
169 3250 199 3314 dt
222 3251 399 3317 Annibalem
417 3247 585 3331 jtrueniliter
604 3246 785 3310 exultantem
809 3248 948 3327 patientiai
974 3248 1023 3311 sud
1043 3248 1159 3310 mollie-

81 3342 150 3405 hat:
172 3338 209 3403 de
221 3360 283 3422 quo
295 3333 435 3417 praeclare
449 3332 601 3399 familiaris
616 3330 716 3395 noster.
726 3330 857 3395 Enniusr

246 3423 327 3487 Unrrt
339 3420 389 3505 qui
400 3420 475 3483 uobis
484 3421 633 3483 rumando
642 3416 764 3500 restituit
772 3440 839 3480 rem.

248 3507 316 3578 Nrrr
325 3509 442 3593 ponebas
453 3503 525 3569 enim
532 3526 651 3567 rammi
657 3519 723 3567 arrrr
732 3503 864 3589 salntem.
1167 3525 1205 3599 ¹5

249 3594 328 3678 Ergo
337 3591 474 3678 magisque
492 3590 552 3653 oiri
565 3612 635 3652 nunc
643 3588 736 3671 gloria
749 3589 842 3651 claret.
1185 3593 1190 3602 ‘

85 3677 251 3751 Tarentum
274 3679 356 3755 vero,
376 3682 437 3761 qna
456 3676 621 3760 vigilantia,
643 3697 705 3759 quo
717 3673 838 3737 consilio
860 3677 982 3758 recepit,
1003 3674 1077 3740 clim
1091 3677 1160 3759 qui-

84 3772 161 3848 dem,
182 3786 233 3829 me
246 3766 394 3840 audiente,
417 3762 586 3836 Salinatori,
609 3762 660 3843 qui
675 3759 776 3823 amisso
790 3762 909 3844 oppido,
932 3763 1047 3847 sugeret
1069 3762 1100 3825 in
1114 3784 1161 3829 ur-

62 3910 65 3915 .
84 3876 162 3933 cem,
194 3852 308 3915 lorianri
322 3866 411 3933 atquc
425 3850 465 3911 ita
480 3846 610 3911 dicenti:
635 3844 710 3909 Meri
719 3867 816 3927 opera,
832 3847 878 3931 Q
892 3846 976 3924 Fabi,
991 3846 1161 3913 Tarentum

80 3876 229 4025 toepihiss
251 3934 357 4011 Certe,
379 3935 475 4017 inquit
489 3934 605 4010 ridens;
627 3954 711 4007 nam,
733 3932 785 3995 nisr
801 3950 832 3995 tu
844 3932 988 4011 amisisses,
1004 3934 1208 4025 nunquiunpp

86 4026 257 4109 recepissem.
302 4020 372 4085 Nec
386 4023 457 4085 verb
472 4020 504 4082 in
519 4022 607 4084 armis
623 4018 817 4100 praeliantior,
839 4022 929 4102 quim
945 4022 977 4083 in
999 4022 1088 4103 togrl:
1108 4025 1163 4104 qni
1194 4012 1204 4029 ’

84 4111 192 4179 consul
206 4106 325 4184 itetrim,
343 4106 392 4189 Sp.
408 4104 541 4171 Carvilio
555 4104 671 4188 collega
684 4105 863 4189 quiescente,
876 4104 916 4169 C.
927 4104 1076 4171 Flaminio
1085 4108 1164 4173 Tri·

85 4194 220 4283 harro-pl.
236 4194 334 4279 quoad
349 4194 444 4273 potuit
458 4191 573 4267 restitit,
593 4212 699 4274 agrum
715 4191 864 4255 Picentem
880 4192 1077 4260 &Gallicum
1094 4196 1165 4258 viri·

86 4288 139 4355 tim
151 4296 257 4373 coum
271 4278 398 4350 Senarus
414 4278 620 4345 austeritatem
632 4272 792 4347 dividentia
817 4278 986 4371 Augurque
1000 4280 1070 4365 crim
1083 4278 1167 4427 Esset,

69 4406 74 4420 ·
1052 4392 1055 4401 ’
1108 4388 1169 4431 rce-
