2767 4800
172 194 248 288 460
378 194 436 269 m.
476 193 714 269 turult
750 192 1115 299 ercan-orma

222 340 406 405 contumelias
428 340 572 415 describo,
586 324 720 403 'nimidm
742 338 831 402 debet
851 338 903 400 did
927 338 1043 422 populo
1057 338 1206 405 Romano
1226 344 1323 405 terti·

222 450 271 489 am
286 436 297 464 ¹
311 426 490 507 pensionem.
534 425 633 489 Habet
648 425 776 508 populus
792 423 951 488 Romanus
962 427 997 487 ad
1008 445 1086 508 quos
1100 430 1323 509 gubernacula

178 514 394 595 loreipublicae
415 513 548 585 deserat3
572 512 624 593 qui
641 512 815 591 ubicunque
829 516 974 573 termium
988 510 1070 594 sunt,
1092 514 1136 575 ibi
1157 512 1203 575 est
1224 528 1322 577 omne

222 597 395 681 reipublicae
415 594 592 679 praesrdium,
613 597 660 657 vel
684 596 782 677 potitis
798 594 858 675 ipsa
873 595 1049 677 respublica,
1072 618 1144 681 quae
1168 600 1200 661 se
1214 602 1319 662 adbuc

224 683 436 749 tantummodi)
452 680 514 744 ulta
533 680 587 758 est,
609 684 747 745 nondum
763 682 960 761 recuperauit:
983 682 1075 745 habet
1089 684 1220 766 quidem
1236 688 1321 748 certe

223 767 387 850 respublica
414 766 612 829 adolescentes
639 765 844 841 nobiliffimos,
874 782 992 850 parator
1024 767 1221 846 defensores3
1255 775 1321 853 quo

223 854 340 929 volent,
361 854 404 925 illi
419 854 540 927 cedant,
561 854 626 915 otio
641 850 829 914 consulentes
839 876 849 925 3
872 868 972 913 tamen
988 850 1005 914 'a
1020 853 1173 931 republicai
1191 878 1321 919 revoca·

180 936 348 1021 isbuntur.
395 936 436 1001 Et
451 960 562 1000 nomen
578 938 658 1018 pacis
670 937 759 999 dulce
772 934 827 1011 est,
841 937 871 1001 dt
886 938 945 1018 ipsa
960 960 1006 999 res
1020 936 1155 1001 salutaris
1168 966 1181 1015 3
1203 942 1253 1003 sed
1271 944 1319 1002 in·

225 1042 270 1089 tet
294 1044 397 1107 pacem
420 1024 449 1087 dt
472 1024 640 1086 servitutem
664 1018 828 1104 plurimum
845 1020 982 1085 interest:
1006 1044 1063 1104 pax
1081 1024 1127 1086 est
1149 1028 1320 1109 tranquilla

224 1110 344 1175 libertas
356 1136 366 1185 3
389 1111 510 1172 sentitus
525 1108 672 1171 malorum
685 1109 825 1171 omnium
836 1105 1029 1189 postremum,
1039 1131 1103 1171 oon
1111 1111 1209 1174 modo
1223 1113 1321 1188 bello,

224 1196 275 1257 sed
300 1210 395 1257 morte
415 1194 505 1257 etia'm
520 1192 734 1273 repellendum.
780 1190 872 1274 Qtod
885 1192 909 1255 st
921 1194 1027 1275 seipsos
1041 1194 1085 1257 illi
1099 1194 1195 1259 nostri
1207 1198 1321 1261 libera·

226 1298 306 1343 rores
320 1278 506 1362 econspedlu
523 1277 622 1341 nostro
637 1276 843 1352 abstulerunt3
865 1294 895 1340 at
909 1278 1081 1361 exemplum
1095 1281 1161 1343 fam
1177 1286 1318 1366 relique-

180 1380 317 1443 20runt3
341 1366 396 1443 illi,
420 1364 613 1448 quodnemo
634 1364 755 1441 fecerat,
778 1365 925 1427 lecerunt.
970 1364 1039 1425 Tar
1061 1366 1171 1429 oinium
1194 1368 1320 1431 Brutos

227 1452 308 1515 bello
321 1451 363 1514 est
382 1453 562 1533 persecutus,
585 1451 637 1533 qui
651 1464 754 1513 tamen
768 1470 821 1511 rex
835 1450 902 1526 suit,
923 1448 995 1513 caim
1008 1387 1066 1513 else
1079 1449 1187 1515 Rornae
1207 1475 1316 1538 regem

222 1536 345 1613 licebat.
384 1536 482 1627 Spurii
497 1536 623 1611 Casstut,
633 1533 762 1611 Melius,
774 1533 822 1597 M.
834 1532 972 1598 Manlius
984 1550 1104 1618 propter
1114 1539 1317 1620 suspicionem

224 1624 311 1706 regni
334 1623 492 1705 appetendi
507 1623 574 1685 sunt
589 1622 704 1683 necati:
728 1622 760 1683 hi
782 1621 870 1699 primi
886 1642 957 1683 cum
972 1621 1092 1705 gladiis,
1114 1644 1179 1686 non
1194 1626 1227 1686 in
1246 1646 1319 1709 reg·

226 1730 302 1769 num
329 1724 518 1791 appetentem
542 1707 646 1771 sedin
670 1724 846 1791 regnantem
870 1706 1015 1789 impeturn
1041 1707 1201 1786 fecerunt3
1234 1712 1315 1793 quod

175 1792 298 1876 '25ctitn
314 1793 409 1877 ipsum
422 1795 533 1855 fretum
546 1814 597 1875 per
616 1793 644 1856 se
658 1792 835 1875 praeclarum
851 1805 941 1875 atque
952 1790 1087 1854 divinum
1099 1792 1152 1869 est,
1177 1794 1245 1858 ttim
1261 1818 1313 1859 ex-

226 1876 356 1962 posttum
373 1880 408 1943 ad
426 1880 600 1942 imitandum
612 1905 621 1951 3
646 1878 806 1959 pracsertim
829 1874 899 1939 etim
920 1877 963 1938 illi
984 1900 1050 1942 eam
1086 1880 1192 1942 loriam
1209 1884 1315 1944 conse-

225 1966 289 2030 cuti
304 1963 374 2041 stat,
396 1987 466 2047 quae
480 1966 531 2027 vix
543 1966 626 2026 ctelo
649 1964 717 2043 capi
739 1960 817 2045 posse
833 1964 974 2026 uideatur.
1020 1962 1047 2023 E
1073 1965 1179 2027 renim
1197 1966 1265 2029 satia
1283 1971 1312 2030 in

227 2050 292 2131 ipsa
317 2051 500 2113 conscientid
525 2050 717 2132 pulcherrimi
740 2048 810 2111 faut
835 2048 947 2111 studius
972 2063 1047 2125 erat,
1068 2062 1170 2113 tamen
1197 2054 1314 2116 mortali

226 2135 481 2198 immortalitatem
510 2156 574 2197 non
597 2133 724 2197 arbitror
743 2136 1007 2197 contemnendam.
1057 2132 1226 2204 Recordare
1254 2141 1309 2223 igi-

181 2236 278 2307 30tur
301 2220 400 2295 illum,
422 2217 473 2281 M.
492 2214 621 2294 Antoni,
643 2220 735 2296 diem,
758 2243 821 2303 quo
840 2218 1031 2283 Distatutam
1051 2219 1210 2284 sustulisti:
1233 2246 1311 2305 pone

227 2322 297 2369 ante
312 2306 416 2368 oculos
431 2304 565 2367 laetitiarn
593 2302 721 2366 senates
746 2306 910 2387 populique
935 2304 1088 2368 Romani:
1111 2309 1219 2371 conset
1239 2331 1308 2372 cum

226 2392 284 2456 hac
301 2391 510 2454 nummatione
532 2392 585 2454 tud
605 2407 809 2475 tuorumqoe3
832 2408 897 2454 tum
913 2391 1074 2476 intelliges,
1096 2410 1245 2473 quantum
1261 2398 1308 2458 io·

227 2495 274 2542 ter
297 2476 416 2540 laudem
439 2476 468 2540 δι
490 2477 608 2541 lucrum
632 2475 767 2551 interstt3
794 2477 841 2540 sed
866 2477 1020 2553 nimitum,
1045 2493 1078 2540 ut
1092 2480 1216 2560 quidam
1229 2504 1307 2545 mor-

228 2566 272 2627 bo
294 2561 394 2645 aliqu-o
417 2560 446 2624 δι
467 2561 565 2626 senstis
586 2561 703 2645 stupore
725 2563 897 2626 suavitatem
919 2561 980 2624 cibi
1003 2583 1066 2624 non
1088 2565 1221 2629 sentiunt
1228 2594 1238 2642 3
1269 2567 1307 2632 stc

183 2647 392 2736 35libidinosr,
423 2649 515 2723 avari,
538 2645 696 2712 sacinorost
722 2669 801 2712 verae
830 2647 925 2712 laudis
953 2647 1072 2733 gustum
1100 2671 1166 2713 non
1188 2653 1306 2720 haben.

200 2757 207 2764 ·
230 2733 289 2796 Sed
307 2729 328 2794 st
345 2749 375 2796 te
393 2733 458 2802 laur
480 2735 598 2796 allicere
618 2735 653 2796 ad
673 2732 754 2796 redte
768 2733 939 2797 faciendum
955 2754 1016 2795 non
1032 2733 1140 2813 potest,
1164 2759 1203 2799 ne
1216 2755 1307 2803 metus

227 2819 349 2902 quidem
384 2817 401 2878 i
438 2818 600 2882 foedissimis
645 2819 731 2886 fatti‘s
776 2815 871 2900 potest
911 2819 1059 2882 avocare?
1093 2817 1216 2900 Judicia
1247 2841 1305 2888 non

227 2904 349 2983 matula,
384 2901 406 2986 st
434 2918 554 2998 propter
581 2904 789 2971 innocentiam
815 2901 979 2981 laudo3,s3
1007 2923 1130 2990 propter
1161 2909 1305 2993 rimport

682 3162 853 3246 'sesterionem¹

227 3437 261 3476 nt
269 3447 353 3496 quoqpe
363 3433 449 3492 Orcum,
463 3440 484 3482 tr
496 3433 557 3482 lueri
573 3435 701 3486 Antonium
717 3437 754 3486 ln·
786 3439 839 3501 pub.
850 3448 924 3488 eontra
934 3437 1026 3488 Antonii
1037 3441 1161 3503 potenciam
1170 3451 1272 3492 tumtur.

230 3497 384 3545 tersrcicndum
395 3497 437 3546 est'e
446 3501 544 3564 conjugia
556 3502 660 3568 facinore·
819 3519 859 3551 20.
878 3506 1014 3570 Tarquinium
1030 3503 1137 3569 Bruttia]
1158 3510 1237 3574 Juniur
1249 3511 1301 3555 Bm·

261 3579 284 3624 9.
309 3564 349 3611 Aa
375 3561 448 3630 quon]
485 3565 580 3614 Brutum
609 3574 631 3616 te
658 3567 757 3616 Cassium
786 3565 829 3617 tus'
843 3568 990 3630 Tarquinium
1011 3571 1085 3630 exegit
1105 3569 1197 3620 nomez
1220 3575 1245 3620 de
1262 3575 1299 3620 hoc

226 3627 333 3685 designat,
350 3631 386 3690 qui
410 3629 521 3690 Rempub·
545 3643 619 3678 eontra
636 3634 754 3692 Tyrannor
786 3632 871 3680 dietum
887 3633 948 3680 Phil.
963 3636 995 3681 Il.
1013 3635 1299 3702 ng·V.mt.adl.3r.

226 3689 356 3750 defendent,
372 3709 438 3755 quarn
446 3693 517 3754 jamri
533 3697 626 3746 Caesaris
643 3697 754 3754 invasione
786 3700 844 3756 Vide
856 3699 945 3750 Livium
957 3699 997 3749 tib·
1012 3713 1035 3747 ι-

226 3754 375 3804 vindicarunt.
821 3779 861 3810 aa.
879 3762 965 3827 effus,
982 3763 1073 3822 Mesirr,
1092 3765 1215 3834 masur]
1231 3767 1300 3816 Delia

262 3831 300 3879 14.
326 3822 364 3868 Issi
380 3819 479 3886 cedam]
510 3823 599 3874 Etiamsi
627 3825 709 3874 Brutus
732 3831 753 3872 dc
787 3826 913 3890 suprribid.
926 3831 943 3875 l.
958 3829 996 3891 56.

226 3884 313 3932 canitur
324 3887 415 3946 profesti
432 3887 521 3934 fuissent
539 3890 563 3938 in
578 3892 697 3952 provinciae
708 3895 754 3951 post
817 3907 859 3953 24.
875 3893 903 3940 In
913 3888 1056 3956 regnantem]
1073 3894 1192 3942 ezram.

227 3947 321 3994 cestria
337 3955 429 4009 caedem,
447 3955 563 4000 voluerunt
583 3955 615 4003 illi
633 3958 710 4002 cedere
728 3959 754 4004 ad
820 3973 858 4020 3²·
876 3954 1045 4020 Numnam]
1063 3959 1298 4020 nummamestng·

227 4021 322 4084 tempus,
333 4025 365 4078 ⁸ut
375 4015 473 4077 Reipub.
488 4017 531 4065 otio
542 4021 687 4067 consulerent.
720 4023 755 4068 At
785 4037 813 4069 na
828 4023 863 4068 vir
880 4025 988 4083 ptcuoire.
1023 4023 1081 4089 [Sed
1097 4023 1135 4072 atti
1150 4023 1296 4078 resuibmdum

227 4076 257 4128 illi
276 4078 338 4126 tacite
356 4081 523 4143 revocabuntur,
540 4096 565 4134 ut
579 4085 755 4144 eandern'Rem·
786 4085 1068 4155 tensentNurdirarim·]

1221 4262 1295 4329 intel·
