2767 4800
204 269 238 354 it
426 267 484 343 Μ.
521 263 760 342 TULLII
794 252 1192 342 CICERONIS

205 415 253 480 lex
265 412 422 480 lomesfuit
436 413 513 476 illius
528 413 658 477 incendii
672 411 781 488 civilis,
819 411 875 476 uod
889 410 954 494 post
967 409 1150 476 triennium
1160 421 1312 474 exortum

208 499 309 568 Gallia
321 499 472 582 provincia
482 497 583 562 Ctallo
594 499 714 582 obtigit,
725 435 961 574 AfiaScaevob,
972 517 1075 580 quam
1087 493 1334 560 tamaabstinen

208 586 295 661 rexit,
318 599 350 647 ut
364 585 382 650 ὲ
396 583 504 648 Senatu
520 585 550 645 in
565 583 743 664 Exemplum
758 583 894 665 deinceps
909 583 1026 646 caeteris
1043 580 1290 665 magistratibus
1304 601 1324 661 p

209 685 377 754 poneretur.
414 671 470 745 At,
484 671 555 752 quia
569 669 731 752 publicanis
747 689 847 752 regere
857 667 957 732 Altam
970 689 1035 730 non
1052 666 1258 751 permiserat,
1269 683 1359 728 eotun

210 755 426 838 conspiratione
438 756 468 817 in
478 755 627 840 juditium
642 769 765 818 vocatus
777 753 831 830 est,
844 752 874 815 bt
887 755 925 816 ab
937 753 1114 837 equitibus,
1139 752 1201 840 qui
1215 767 1285 816 tum
1292 749 1359 838 judi

210 843 327 916 tabant,
349 840 572 903 condemnatus.
1358 858 1359 869 ¹

375 1034 565 1099 ANNUS
595 1031 760 1098 URBIS
795 1031 1088 1099 CONDITAE
1122 1033 1206 1128 659.

213 1159 281 1254 Coffi
297 1163 380 1229 Caelr'o
396 1164 492 1246 Calda,
511 1165 549 1230 L.
564 1165 691 1231 Domitio
706 1166 873 1244 AEnobarbo‚
893 1179 960 1230 ante
976 1163 1129 1254 (Aryium
1145 1185 1203 1256 93.
1225 1157 1360 1230 Cicerem'r

656 1253 775 1316 decimus
788 1265 900 1317 tertius.

255 1383 324 1452 Hoc
333 1385 412 1454 anno
421 1389 492 1452 nibil
503 1387 692 1452 memorabile
703 1388 779 1471 apud
792 1387 946 1452 Romanos
955 1386 1074 1472 gestum
1087 1386 1148 1453 est.
1179 1379 1268 1452 Huic
1275 1385 1361 1450 Corr-

212 1473 264 1536 t'uli
283 1473 369 1538 Caldi
383 1477 432 1540 seu
454 1473 551 1537 Calidi
565 1495 735 1559 cognomen
749 1472 766 1536 ὲ
779 1473 948 1539 ferventiori
963 1473 1065 1538 indole
1080 1471 1197 1540 datum
1212 1471 1308 1550 soille,
1320 1470 1360 1534 ait

212 1557 333 1642 Cicero,
355 1561 408 1626 lib.
426 1581 457 1626 2.
472 1557 508 1623 de
519 1558 707 1623 Inventione.

372 1749 561 1818 ANNUS
592 1748 756 1816 URBIS
786 1749 1072 1819 CONDITAE
1104 1755 1187 1822 660.

213 1869 329 1978 Qſjiss
354 1889 466 1958 Valerio
489 1889 597 1970 Flacco,
618 1887 668 1952 M.
686 1887 843 1967 Herennio,
863 1907 930 1956 ente
951 1891 1095 1981 Umstunr
1118 1913 1175 1984 92.
1215 1885 1353 1962 Ciceronis

643 1974 761 2038 decimus
774 1991 903 2058 quartus.

255 2117 315 2182 Hie
331 2115 380 2180 M.
398 2117 566 2182 Herennius
580 2113 751 2197 Philippum
776 2117 892 2181 summai
909 2119 1006 2182 virum
1027 2117 1250 2202 eloquendi&
1261 2115 1347 2182 nobi-

210 2202 293 2266 litate
318 2202 501 2284 inpetitione
524 2199 702 2265 consulates
724 2201 876 2282 superavit.
919 2203 967 2266 T.
984 2201 1097 2267 Didius
1114 2206 1155 2268 de
1176 2203 1343 2274 curturis,

211 2287 246 2349 P.
265 2286 400 2350 Licinius
411 2286 529 2350 Crallus
539 2287 575 2349 de
586 2284 941 2368 Lusitanisttiumplravit.
975 2286 1009 2352 P.
1020 2289 1158 2354 Rutilius
1169 2291 1345 2354 virsummae

211 2373 402 2448 innocentia»,
425 2373 475 2455 qui
498 2371 757 2456 &publicanorum
777 2371 885 2437 insidiis
901 2370 1002 2437 Asiam
1024 2372 1215 2454 liberaverat,
1236 2371 1345 2437 invisus

210 2456 335 2543 equestri
350 2460 458 2533 ordini,
481 2456 707 2542 repettmdarum
716 2457 871 2524 damnatus
884 2458 938 2536 est,
960 2460 1035 2525 &in
1047 2461 1177 2526 exilium
1191 2460 1311 2548 ejedbu.

318 2648 320 2651 ’
370 2650 560 2718 ANNUS
594 2650 760 2722 URBlS.
793 2652 1077 2733 CONDITAE
1109 2658 1186 2725 661.

214 2784 281 2871 Coffi
296 2782 326 2847 C.
344 2781 460 2849 Claudio
475 2782 610 2861 Pulchro,
633 2783 684 2846 M.
704 2772 866 2883 Perpenpir,
886 2789 952 2848 ant'e
973 2782 1114 2874 Christum
1133 2808 1187 2875 91.
1204 2778 1337 2849 Ciceronis

647 2869 765 2931 decimus
776 2885 899 2953 quintus.

250 3001 308 3069 His
322 3003 401 3072 cols.
415 3005 587 3069 nobilillirna
597 3002 645 3068 M.
657 3002 757 3083 Curii,
770 3003 858 3081 orM.
871 3004 1000 3088 Coponii
1010 3005 1094 3070 causa
1105 3006 1183 3088 apud
1197 3016 1330 3067 eentum·

211 3090 437 3241 qieqpqsiadppbus
448 3090 660 3207 consularibus
672 3103 760 3175 atque
768 3092 929 3175 equalibus
939 3090 977 3157 1..
991 3089 1104 3169 Craffo,
1112 3092 1143 3157 dt
1152 3084 1332 3177 QScaevold

374 3370 563 3437 aursus
596 3370 758 3436 unsis
789 3370 1068 3439 conrAE
1099 3332 1175 3440 oo.

211 3502 279 3589 Coffi
294 3501 330 3565 L.
346 3502 462 3569 Martio
478 3502 619 3590 Philippo,
634 3478 716 3566 Sexto
730 3502 815 3594 Julio
830 3504 948 3592 Caesare,
959 3522 1024 3571 onte
1036 3505 1175 3594 Christum
1188 3528 1239 3597 90.
1255 3502 1327 3567 Cice-

616 3592 691 3653 ronis
705 3591 935 3679 decimasscxtus.

250 3722 322 3788 Hoc
333 3748 412 3789 anno
423 3728 516 3790 aetatis
527 3726 740 3790 decimo-sexto
750 3725 860 3790 Cicero
871 3726 1011 3793 exceffitd
1023 3732 1158 3811 pueruli,
1171 3731 1201 3793 in
1209 3725 1325 3815 quinti-

207 3813 239 3873 ri
255 3812 346 3874 animi
360 3812 495 3875 felicitate
510 3812 699 3881 iisomnibus
712 3812 823 3875 artibus
835 3813 990 3892 inllrudlus
1006 3815 1059 3894 est,
1069 3817 1175 3897 quibus
1188 3813 1323 3897 perillam

207 3910 326 3959 aetatem
335 3898 416 3979 pueri
428 3898 462 3958 ad
478 3896 687 3961 humanitatem
700 3896 850 3973 informari
866 3898 973 3981 solent:
997 3900 1168 3979 incredibile
1180 3899 1220 3963 est
1234 3918 1324 3983 quan-

207 3998 270 4046 tum
285 3984 349 4067 eJus
364 3982 515 4065 ingenium
530 3984 662 4059 eluxerit,
678 3987 846 4067 quantique
856 3983 924 4047 ellet
933 3986 1008 4066 apud
1024 3986 1153 4070 aequales
1167 3987 1198 4048 in
1212 4002 1322 4047 venera·

206 4068 294 4129 tione.
338 4064 421 4131 Nam
437 4088 506 4129 eum
520 4082 640 4131 euntem
656 4069 692 4129 ad
711 4069 827 4145 ludum,
849 4071 879 4133 dr
894 4072 1074 4150 redeuntem,
1095 4072 1212 4134 honoris
1225 4069 1322 4154 grand,

205 4154 334 4215 medium
348 4152 540 4215 deducebant.
577 4152 788 4217 Deledlabatu't
798 4156 828 4217 in
840 4157 942 4238 primis
957 4156 1055 4236 po'e‘fi..
1065 4154 1247 4221 'Plutarchus
1256 4152 1320 4217 scti-

162 4317 164 4325 .
203 4236 259 4313 bit,
282 4236 422 4303 Pontium
438 4234 594 4303 Glaucum
606 4240 780 4305 tetrametris
791 4242 992 4325 composuill'e,
1006 4257 1093 4326 atque
1108 4264 1177 4309 eum
1191 4242 1319 4307 suaaerate

1232 4326 1318 4392 adhue
