2767 4800
193 222 279 319 33⁸¹
409 170 1177 294 n.Tutn11crcrznonrs;

241 362 345 426 orbem
361 374 519 435 terrarum,
540 362 718 443 quibuscum
733 362 840 438 voluit,
862 362 985 443 partitus
1000 361 1060 425 esl:
1083 384 1166 438 eum,
1189 362 1250 447 qui
1270 360 1344 443 plu·

176 448 324 537 ¹porinus
344 450 473 511 caedibus
498 449 528 507 in
550 449 614 509 soro
640 447 737 522 fadis,
759 446 898 531 singulari
923 449 1031 509 virtute
1054 446 1083 510 δι
1107 449 1205 533 glorii
1234 450 1342 510 civem

241 532 365 595 domu'm
392 534 420 595 vi
444 533 473 594 δι
499 533 588 592 armis
610 534 777 615 compulit3
801 555 883 607 eum,
905 533 953 595 cui
981 532 1055 595 nihil
1082 556 1219 615 unquam
1252 536 1340 595 nesas

241 620 297 683 suit
318 640 372 681 nec
397 620 429 681 in
456 618 599 693 facinore,
623 640 678 680 nec
704 620 736 680 in
760 617 905 681 libidine:
930 640 1013 695 eum,
1036 621 1086 701 qui
1110 620 1207 681 aedern
1241 642 1339 701 nym-

185 720 188 730 '
242 706 368 787 pharum
394 702 539 778 incendit,
576 720 609 765 ut
632 703 806 765 memoriam
828 703 980 786 publicam
1006 702 1186 776 ¹recensionis
1216 706 1341 767 tabulis

242 791 370 871 publicis
389 786 581 869 fimpressam
607 790 813 874 extingueret:
838 811 908 850 eum
932 790 1074 870 denique,
1097 792 1146 851 cui
1162 790 1231 873 jam
1250 789 1340 851 nulla

196 878 290 971 25lex
305 890 378 946 erat,
404 876 519 937 nullum
535 874 621 937 civile
632 875 695 959 jus,
718 874 794 936 nulli
810 873 1014 955 pofferfionum
1030 877 1152 937 termini
1162 902 1172 949 5
1194 877 1256 955 qui
1275 898 1341 936 non

241 960 394 1023 calumnii
423 961 532 1033 litium,
557 978 618 1021 non
640 958 755 1045 injustis
778 960 914 1021 vindiciis
938 982 973 1021 ac
997 960 1188 1041 sacramentis
1215 962 1340 1022 alienos

240 1046 393 1121 ‘fundos
424 1046 469 1106 sed
494 1042 607 1120 castris,
639 1047 784 1120 exercitu,
815 1044 904 1128 signis
930 1045 1089 1106 inferendis
1111 1044 1257 1128 petebat:
1285 1046 1341 1127 qui

240 1154 306 1195 non
321 1131 415 1194 soldm
431 1126 573 1193 Etruscos
598 1134 664 1216 (eos
678 1133 761 1192 enim
776 1132 893 1211 penitus
917 1128 1150 1212 contempserat)
1176 1131 1225 1193 sed
1250 1132 1339 1192 hunc

242 1214 305 1279 Cn.
338 1214 525 1297 Pompeium,
562 1216 657 1277 virum
686 1217 887 1290 sortislimum,
922 1233 1011 1297 atque
1039 1216 1191 1299 optimum
1220 1219 1340 1290 civem,

197 1302 371 1401 30judicem
402 1300 535 1364 noslrum
565 1299 673 1381 pellere
702 1290 932 1383 possessionibus,
969 1302 1057 1363 armis
1084 1298 1248 1385 castrisque
1281 1324 1337 1363 co·

243 1406 332 1451 natus
358 1384 418 1447 eil:
457 1388 511 1471 qui
536 1407 607 1449 eum
633 1386 801 1449 architedlis
830 1386 859 1449 δι
888 1386 1075 1468 decempedis
1104 1386 1191 1448 villas
1218 1388 1337 1449 multo·

242 1494 310 1537 rum
338 1472 499 1557 hortosque
532 1470 728 1563 peragrabat:
767 1473 820 1554 qui
848 1469 993 1555 Janiculo
1026 1471 1055 1535 δι
1090 1472 1223 1554 Alpibus
1250 1472 1334 1555 spem

548 1666 725 1747 ‘descriptam
815 1713 822 1725 .
842 1677 856 1717 ¹
872 1669 1026 1759 passeſsiones.

243 1894 267 1941 in
275 1892 367 1941 insulem
376 1891 485 1954 Cyprum,
497 1896 518 1939 se
528 1890 593 1953 regiae
601 1910 661 1953 gazae
671 1896 769 1942 renden-
803 1884 991 1956 serebantpertem
996 1893 1112 1955 pecunier
1127 1894 1193 1957 &qut
1199 1892 1335 1948 vincebatur,

244 1962 289 2015 dat,
307 1964 328 2004 de
346 1961 446 2020 pecuniae
456 1960 594 2019 deportandae
611 1960 772 2019 pmficemtur3
806 1959 853 2016 ejus
864 1958 954 2020 pecunia
971 1960 1116 2020 deponebatur
1131 1959 1154 2005 in
1170 1960 1271 2007 erarium
1283 1972 1335 2003 tan·

245 2035 272 2071 ut
283 2024 319 2083 qul
338 2023 441 2084 Byzantii
458 2038 532 2071 rerum
547 2024 670 2085 capitalium
682 2026 774 2086 damne-
805 2034 872 2083 quem
885 2040 925 2081 ,ree
942 2024 1000 2070 secra
1015 2024 1151 2082 eslsetpinde
1172 2024 1334 2071 sumentem

246 2088 263 2137 ti
275 2088 397 2144 titularem,
415 2088 489 2149 populi
505 2088 573 2133 Rom.
586 2088 675 2135 nomine
686 2088 709 2135 in
721 2104 775 2136 ean·
806 2086 856 2132 alibi
865 2088 953 2145 dieitur,
969 2104 997 2134 ex
1008 2087 1122 2150 sponfione
1137 2103 1212 2147 agere,
1230 2094 1251 2134 bt
1265 2086 1333 2133 saera·

246 2153 299 2197 dem
311 2152 422 2197 eivltatem
435 2154 596 2199 reducerentur.
805 2162 881 2199 menta
891 2153 982 2212 litigare,
999 2167 1050 2215 quse
1061 2154 1137 2198 eodem
1148 2152 1208 2199 sunt.

282 2230 321 2277 19·
333 2214 458 2281 Qibustum
468 2214 534 2262 voluit
543 2218 636 2278 partitus
652 2214 702 2281 pb]
722 2218 774 2263 Ela-
839 2218 880 2264 28·
897 2216 1016 2281 Etruscan]
1034 2213 1097 2263 Dixit
1114 2214 1333 2277 superruentium

247 2276 269 2325 te
294 2278 335 2326 hoe
357 2282 420 2336 dicit,
448 2280 497 2341 qula
518 2280 671 2327 Macedonium
691 2281 774 2337 Pisoni,
805 2279 1026 2341 Etruseommsplvas
1043 2282 1266 2343 depopulatum-effe,
1279 2280 1332 2341 qui-

246 2344 333 2406 Syriant
345 2344 440 2389 Gabinio
452 2344 556 2390 decrevit.
806 2343 846 2391 bus
859 2345 906 2406 jam
923 2355 1027 2409 tanquam
1036 2345 1136 2394 hostibus
1146 2347 1230 2393 bellum
1241 2343 1333 2391 intulisse

279 2425 319 2456 ao.
337 2411 363 2456 ln
374 2408 449 2474 forn]
467 2410 491 2454 ld
508 2409 548 2466 eli,
566 2411 648 2472 templo
669 2410 775 2470 Castoris,
804 2411 955 2472 conqueritur.

234 2479 305 2537 ,quod
324 2488 369 2520 erat
387 2474 435 2522 foro
453 2473 561 2532 vicinum,
583 2491 626 2537 quo
648 2475 671 2521 in
691 2482 775 2537 templo
839 2490 879 2537 29.
896 2474 937 2521 Cn.
953 2472 1097 2539 Pomptino]
1123 2477 1177 2522 Non
1192 2476 1225 2521 est
1240 2475 1330 2522 dubium

247 2541 337 2586 Clodius
349 2541 433 2586 servum
445 2539 596 2596 collocaverat,
613 2541 649 2586 eui
661 2557 688 2586 err
702 2541 774 2587 marti.
806 2539 858 2600 quit
870 2539 907 2586 ille
917 2541 961 2588 eo.
974 2539 1092 2602 Pompeius
1103 2541 1157 2586 alius
1169 2539 1196 2585 fit
1206 2537 1220 2584 ὶ
1230 2541 1330 2602 Pompeio

247 2605 288 2649 bus
298 2615 379 2650 extorta
390 2605 430 2650 srco
439 2603 480 2660 est,
489 2614 511 2649 et
522 2605 623 2650 delatrad
636 2605 773 2663 thinium3
805 2604 900 2664 Magno,
925 2605 1077 2666 nequeenim
1094 2607 1194 2664 Magnus
1216 2605 1331 2665 Pompeiae

246 2669 390 2728 interrogatus
402 2669 475 2714 servus
494 2669 598 2728 respondit
613 2671 652 2716 fibi
670 2667 682 2714 i
698 2670 775 2716 Clodio
806 2667 851 2724 suit
866 2668 891 2714 in
908 2667 950 2714 hie
971 2666 1035 2715 causti
1044 2670 1123 2730 judex,
1140 2670 1192 2730 quia
1210 2668 1260 2716 olm
1274 2676 1330 2716 Coo-

245 2732 376 2791 imperatum
390 2733 461 2790 fuiu'e,
479 2743 504 2778 ot
516 2731 645 2794 Pompeium
656 2733 774 2792 occideret,
805 2732 837 2778 sul
855 2743 909 2780 erat.
942 2733 990 2781 Nisi
1002 2733 1058 2782 sorte
1068 2733 1241 2799 QPompeius,
1257 2750 1330 2795 qoem,

248 2795 291 2856 qus
302 2799 328 2841 de
339 2793 404 2842 rausi
420 2798 442 2843 se
459 2797 517 2844 domi
530 2799 638 2846 continuit
649 2797 774 2859 Pompeius.
805 2795 857 2842 licit
875 2798 967 2844 Milonis
987 2798 1113 2856 inimicum,
1139 2800 1234 2859 appellat
1255 2811 1281 2844 ut
1299 2799 1330 2844 ei·

247 2860 356 2923 Afroniae.
805 2863 857 2907 dem
878 2879 930 2910 eum
949 2864 1066 2908 devinciat.
1109 2859 1166 2926 [Sed
1190 2863 1227 2909 alii
1251 2863 1329 2909 resilis

281 2941 321 2973 aa·
339 2923 590 2990 AEdmrynaphorun.]
613 2925 643 2972 Iit
659 2926 773 2988 nymphis,
804 2937 914 2987 reponunt
942 2928 978 2994 Q
1003 2929 1102 2985 Varium,
1128 2943 1167 2989 pm
1198 2927 1237 2974 Cr.
1269 2928 1330 2974 Poe·

247 3005 298 3050 qua·
315 2989 411 3036 sontibus
428 2995 533 3051 praesunt,
550 2992 630 3038 Roma
649 2989 690 3043 fuit
702 2993 773 3040 aedifi·
801 2989 894 3056 prium]

248 3066 322 3102 cetum
334 3055 449 3115 templum,
468 3067 492 3108 ut
502 3055 572 3102 essent
586 3055 686 3101 adversus
697 3056 771 3104 incen-
840 3070 878 3116 32.
904 3054 1059 3120 Decempedis]
1086 3055 1226 3118 Decempetle
1252 3053 1330 3118 proprii

248 3123 283 3166 dra
294 3121 403 3180 propitiae,¹
418 3119 498 3180 quodi
516 3120 592 3168 Clodio
603 3121 719 3167 incensum
732 3122 771 3167 esi.
805 3119 885 3168 dicitur
903 3122 983 3180 pertica
999 3123 1077 3168 decern
1091 3122 1181 3181 pedibus
1201 3123 1277 3179 longa,
1286 3119 1328 3182 ‚qui

249 3185 307 3230 Vide
319 3186 382 3230 Orat.
394 3185 419 3228 de
432 3185 527 3246 Htrusp.
540 3185 596 3244 resp.
805 3183 930 3239 architecti,
952 3185 1017 3242 fabri,
1046 3187 1156 3233 mensores
1175 3201 1280 3245 agrorum
1299 3187 1327 3232 u'i

274 3263 320 3310 23.
339 3249 371 3295 Ur
387 3251 500 3294 maumam
513 3248 618 3311 pulsitans
635 3248 772 3314 acceſsorio]
805 3247 890 3309 solentp
907 3249 1021 3311 aliquando
1035 3252 1103 3296 etiem
1118 3249 1215 3298 sumitur
1231 3266 1270 3312 pro
1285 3251 1328 3311 ipsu

244 3314 350 3362 Solebam
368 3312 473 3359 Censores
496 3313 584 3374 lingulis
605 3314 675 3360 luslris
696 3331 773 3360 omnes
805 3314 950 3373 mensoribus,
976 3325 1002 3361 ut
1021 3307 1059 3362 hie
1085 3312 1098 3361 ἰ
1119 3315 1230 3362 cicerone
1250 3317 1329 3362 videtur

247 3379 316 3426 tribus
333 3377 428 3434 censere,
446 3383 467 3422 dr
485 3379 568 3424 tabulas
585 3378 673 3434 lubere,
689 3377 774 3440 inqut·
807 3375 873 3424 sumi.
1218 3425 1222 3432 ,

246 3443 288 3488 bus
306 3442 385 3488 scelera
409 3442 509 3488 omnium
530 3442 613 3488 sirium
634 3443 772 3490 notabuntur.
841 3456 879 3502 32.
906 3441 1032 3507 [ianiculo]
1059 3441 1190 3508 janiculum
1211 3443 1265 3491 urbs
1289 3454 1326 3491 erat

247 3505 390 3554 Cumsutem
399 3521 443 3552 non
455 3508 563 3566 ignoraret
574 3507 667 3553 Clodius
684 3507 721 3553 sua
733 3508 774 3553 lla·
805 3507 858 3552 olim
877 3507 971 3554 Etruriae
992 3508 1016 3554 in
1038 3506 1084 3570 ripi
1104 3509 1205 3555 citeriore
1228 3509 1325 3567 'liberor

245 3569 485 3630 gitiainaslapublica
498 3571 579 3628 referri,
596 3571 669 3632 ibique
682 3570 774 3619 assern-
806 3569 836 3616 fie
854 3573 912 3617 dista
929 3589 954 3618 er
973 3587 1020 3632 pars
1035 3571 1177 3634 urbis,un
1195 3573 1278 3639 iJauo
1290 3589 1326 3620 en·

246 3639 274 3693 ri,
291 3635 388 3696 irpendit
403 3635 456 3682 illud
468 3638 585 3697 templum,
603 3647 627 3683 ut
637 3651 713 3684 eorum
724 3653 773 3684 me·
806 3635 925 3696 tiquislimo
935 3635 1005 3684 ltaliae
1017 3637 1066 3683 Deo
1076 3639 1162 3683 condita
1176 3637 1212 3694 stt,
1227 3637 1280 3686 etim
1295 3649 1326 3684 to-

233 3699 443 3760 moriturosne.
516 3743 522 3756 ,
807 3709 852 3746 tarn
867 3700 952 3746 ltdram
975 3716 1028 3748 cnm
1048 3701 1142 3749 Saturno
1159 3701 1273 3759 divisisset,
1293 3701 1324 3764 qui

279 3765 320 3811 26.
339 3761 472 3828 Columnis]
489 3763 604 3812 Calumnia
621 3763 653 3810 esl
663 3764 772 3811 callida&
806 3764 862 3810 ultra
882 3765 983 3813 Tiberim
1011 3765 1078 3814 etiam
1106 3767 1185 3814 urbem
1206 3767 1324 3822 odilone,

246 3827 573 3889 malitiosajuritinterpretrtio.
593 3828 650 3874 Vidt¹
660 3831 712 3888 urg.
723 3829 738 3871 l.
748 3843 772 3875 2.
806 3843 856 3890 qun
867 3829 893 3877 ab
904 3847 931 3874 eo
948 3830 1047 3876 Saturnia
1061 3828 1120 3876 elisia
1133 3831 1175 3888 est,
1191 3841 1218 3876 ut
1227 3848 1255 3878 ex
1267 3833 1322 3889 Virp'.

279 3893 314 3939 lb.
332 3890 416 3957 lnjustis
427 3891 546 3956 violatu]
563 3893 597 3939 Ee
607 3893 669 3940 Festo
680 3894 717 3939 lib.
730 3895 772 3940 ult.
806 3893 844 3938 lib.
856 3891 880 3939 8.
892 3893 989 3942 AEneid.
999 3894 1123 3952 babemus3
1141 3897 1191 3940 vult
1210 3907 1283 3943 autern
1294 3897 1323 3941 io·

246 3958 347 4006 vindiriae
358 3955 491 4020 oppilantur
502 3975 533 4003 rcs
549 3973 589 4013 τε,
607 3958 631 4003 clc
642 3959 715 4022 quibos
726 3974 772 4003 con·
806 3955 876 4003 dicare
892 3959 979 4015 Cicero,
995 3961 1051 4020 quod
1066 3956 1194 4026 iJanicuio
1205 3955 1323 4008 fireRomi

247 4022 347 4086 treverfh
358 4023 394 4084 ιβ.
417 4019 675 4080 Vindiciaever'ojusell
688 4023 774 4068 listin·
807 4023 833 4066 ed
846 4022 942 4068 Galliam
953 4023 1021 4084 usque
1036 4039 1113 4071 omnes
1130 4025 1267 4086 possesl'tonea
1279 4024 1324 4072 vin·

247 4087 345 4134 dicando¹
360 4085 491 4146 possessionis
509 4087 564 4145 opud
576 4085 712 4132 Praetorem:
731 4087 773 4132 Sed
806 4086 870 4132 dicari
882 4087 919 4133 srbi
930 4089 1031 4134 voluerit·

247 4152 350 4208 quoniam
367 4151 389 4196 in
410 4149 506 4195 ltiolite
523 4151 670 4208 deponebatur
687 4152 773 4196 summa
838 4151 873 4196 tb.
897 4151 1010 4216 Alpibus]
1039 4151 1082 4202 rtis
1103 4154 1219 4203 montibus
1239 4149 1318 4202 lotias

246 4215 347 4283 quedam
365 4213 482 4282 pecunia
501 4217 522 4260 δι
539 4211 715 4276 quiuinsebant,
732 4230 774 4262 au·
806 4212 1005 4280 Galliiseparatur.
1264 4279 1307 4349 ω
