2767 4800
216 232 286 307 402
413 178 1159 280 nt.TULL11'C1CEn0N1's'

261 356 291 421 bt
308 350 398 417 credis
410 368 492 417 metu
506 351 642 429 liberati,
666 364 696 413 te
706 349 832 413 domum
843 348 1000 432 recepisti?
1024 350 1110 437 cujus
1123 348 1258 425 ordinis,
1272 352 1353 434 cuju!

260 440 391 529 generis,
413 440 499 525 cujus
513 438 643 521 denique
666 436 797 501 sortunae
810 434 906 533 stitiia
920 454 986 499 tum
1001 434 1095 514 laudi,
1113 434 1353 534 &gratulationi

262 544 325 591 tuae
351 527 456 590 senon
470 519 670 585 obtulerunt?
695 520 781 601 Qrin
797 522 873 585 mihi
892 524 998 598 etiam,
1019 544 1082 606 quo
1104 521 1257 586 ‘ausiote
1273 536 1304 583 te
1324 542 1351 583 m

111 622 114 635 “
216 614 300 699 40iis
322 612 413 675 rebus
434 610 477 673 uti
493 610 727 685 arbitrabantur,
750 609 780 673 bt
800 608 909 693 gratias
928 608 1000 671 boni
1012 610 1067 672 viri
1082 610 1230 694 agdoant,
1257 606 1289 669 bt
1306 628 1353 668 too

263 697 388 763 nomine
403 695 638 781 gratulabantur.
673 690 855 772 Recordare,
866 694 982 776 quaeso,
991 691 1167 771 Dolabella,
1176 693 1351 757 eonsensum

263 784 349 849 illum
363 782 483 855 theatri,
506 802 577 842 cum
601 801 707 842 omnes
729 800 832 842 earum
853 800 953 843 rernm
967 778 1065 855 obliti,
1088 794 1213 862 propter
1227 800 1303 860 quas
1316 780 1350 839 ti-

264 870 295 931 bi
311 870 431 931 fuerant
449 862 566 941 offensa,
586 862 791 951 significarunt
805 864 834 927 se
854 863 1003 928 beneficio
1014 887 1094 930 novo
1109 868 1290 928 memoriam
1306 886 1349 924 ue·-

265 956 335 1019 teris
350 954 460 1016 doloris
477 950 620 1035 adjeciss'e.
665 950 757 1013 Hanc
770 954 818 1026 tu,
840 947 875 1012 P.
891 948 1064 1027 Dolabella,
1092 947 1230 1037 (magno
1254 951 1349 1032 loquor

219 1044 337 1131 4'5eum
359 1034 479 1116 dolore)
504 1038 580 1099 hane
605 1052 649 1111 tu,
681 1038 818 1117 inquam,
849 1036 1084 1121 potuisti-aequo
1113 1038 1223 1099 animo
1245 1052 1350 1100 tantam

265 1126 442 1210 dignitatem
464 1120 634 1201 deponere?
659 1120 718 1185 Tu
731 1138 844 1198 autem,
869 1120 922 1200 M,
944 1122 1063 1185 Antoni
1087 1122 1263 1206 (absentem
1276 1122 1347 1183 enim

266 1208 400 1295 appello)
416 1230 511 1271 unum
523 1206 609 1269 illum
620 1207 713 1284 diem,
723 1230 789 1291 quo
802 1210 834 1272 in
847 1207 912 1269 nde
920 1202 1054 1271 Telluris
1065 1204 1199 1271 Senatus
1210 1208 1280 1284 fuit,
1294 1228 1349 1269 nou

228 1331 231 1337 v
267 1298 410 1360 omnibns
424 1296 460 1357 iis
476 1292 636 1371 mensrbus,
652 1295 763 1378 quibus
777 1306 808 1356 te
822 1292 960 1376 quidam,
984 1290 1117 1357 multirm
1129 1290 1150 1355 ὲ
1161 1314 1215 1357 me
1227 1293 1348 1357 dissenti-

267 1400 364 1457 entes,
380 1384 500 1444 beatum
517 1394 636 1461 putant,
649 1378 828 1461 anteponis?
852 1401 924 1462 quae
938 1380 995 1442 suit
1007 1381 1107 1443 oratio
1119 1376 1346 1443 deeoncordia?

224 1485 388 1563 50quanto
402 1484 485 1529 metu
500 1466 644 1541 veterani,
666 1482 778 1547 quanta
792 1465 982 1529 solicitudine
1000 1464 1105 1527 civitas
1117 1479 1186 1527 tum
1199 1464 1217 1527 i
1230 1482 1260 1527 te
1275 1464 1349 1527 libe-

269 1570 333 1617 rata
347 1552 410 1615 elil
435 1551 545 1613 ‘l'uum
561 1550 723 1635 collegam,
741 1550 879 1633 depositis
892 1549 1070 1627 inimicitiis,
1092 1548 1207 1613 oblitus
1219 1550 1272 1613 aus
1284 1551 1348 1625 ieie,

270 1640 364 1721 teipso
388 1658 501 1723 augure
525 1637 702 1713 nunciante,
724 1636 777 1699 illo
791 1636 921 1717 primum
935 1636 983 1698 die
996 1634 1147 1739 collegam
1161 1636 1219 1699 tibi
1232 1572 1286 1699 eni
1297 1656 1346 1699 ro-

269 1720 368 1789 luisti:
393 1726 465 1804 reip.
483 1738 552 1785 tuus
566 1722 706 1804 parvulus
728 1718 809 1783 lilius
822 1722 855 1785 in
870 1719 1057 1804 Capitolium
1078 1743 1097 1784 a
1115 1739 1148 1785 oe
1162 1719 1265 1786 miffus
1277 1722 1346 1803 pacis

269 1811 353 1875 obses
368 1810 447 1886 suit3
471 1831 533 1893 quo
546 1805 673 1869 Senatus
688 1808 736 1868 die
750 1806 871 1871 laetiorl
893 1829 958 1891 qno
972 1806 1101 1891 populus
1112 1804 1290 1871 Romanus?
1302 1808 1346 1889 qui

225 1898 392 1989 55quidem
427 1894 510 1957 nulla
541 1894 573 1956 in
598 1891 747 1956 concione
770 1914 907 1977 unquam
943 1894 1129 1975 srequentior
1160 1892 1242 1956 suit:
1270 1894 1346 1957 deni·

269 2003 329 2066 que
351 1982 467 2043 liberati
490 1999 541 2060 per
566 1981 644 2041 viros
666 1978 836 2042 fortissimos
856 1978 1048 2041 videbamur:
1071 1979 1155 2063 quia,
1176 1994 1215 2041 ut
1240 1978 1281 2042 illi
1300 2002 1345 2041 vo·

271 2068 401 2141 lucrant,
414 2065 582 2127 libertatem
597 2086 657 2146 pax
671 2065 918 2148 consequebatur.
949 2062 1105 2140 Proximo,
1118 2064 1227 2141 altero,
1239 2064 1344 2147 reliquit

271 2151 440 2215 consecutis
475 2152 578 2213 diebus
615 2172 678 2212 non
715 2149 933 2212 intermittebas
973 2148 1054 2233 quast
1089 2151 1206 2213 donum
1241 2151 1344 2235 aliquot

226 2330 247 2397 ⁶
272 2235 406 2386 llll?
416 2237 575 2384 :llll
588 2234 760 2383 llll?
772 2262 783 2313 ⁵
797 2256 889 2383 122¹?
887 2235 1125 2387 lliwima
1145 2234 1224 2385 {1¹⁰3
1226 2236 1343 2385 'aliid

309 2344 315 2383 ι
350 2344 365 2385 a
402 2344 415 2385 r
751 2347 762 2393 t
1265 2367 1277 2399 ‚
1330 2360 1342 2371 -

249 2353 379 2490 oquam,
408 2425 530 2472 mortno
565 2404 676 2470 Caesari
718 2423 793 2470 nota
827 2409 863 2470 ad
899 2407 1100 2492 ignominiam
1135 2409 1341 2490 sempiternam.

273 2493 321 2560 Ut
350 2496 434 2558 enim
469 2507 588 2578 propter
617 2495 708 2556 unius
743 2491 793 2556 M
816 2491 929 2558 Manlii
964 2493 1073 2582 scelus,
1107 2493 1231 2559 decreto
1256 2497 1341 2584 gentis

522 2633 526 2643 ’
568 2653 705 2729 erasm·
898 2655 1056 2733 *imra-

305 2856 347 2903 ar.
362 2841 477 2908 Corfinsm
491 2841 548 2892 illum
559 2843 658 2908 theatri]
680 2843 800 2906 Cnmpost
830 2844 906 2894 amieis
933 2849 1047 2898 Antonius
1066 2848 1189 2908 videbamur,
1209 2848 1259 2914 quia
1281 2864 1339 2900 morte

274 2907 383 2970 dejeslam
401 2924 460 2956 aram
476 2911 635 2956 &columnam
647 2911 743 2960 eversam
754 2911 802 2960 Do·
832 2913 924 2961 Caesaris
933 2915 1090 2964 statimrerum
1101 2918 1227 2976 potituros.

274 2971 349 3019 labella
361 2973 451 3020 venisset
465 2975 491 3019 ad
507 2973 627 3030 theatrum,
644 2975 663 3021 ei
675 2975 762 3037 plausus
775 2974 802 3023 ab
866 2993 906 3042 50·
923 2979 1011 3046 Quoto
1028 2993 1082 3027 reeta
1091 2981 1210 3048 venat]
1226 2982 1294 3032 Unici
1308 3001 1338 3030 re·

274 3037 378 3084 omnibus
388 3041 450 3084 dutus
462 3041 500 3084 est.
832 3037 913 3098 te'rani,
929 3059 957 3090 ne
968 3044 1060 3091 Caesaris
1074 3044 1124 3090 aeta
1131 3045 1301 3106 rescindereumr,
1315 3049 1339 3096 ὁ·

307 3118 350 3162 aa.
368 3101 450 3150 Eurum
471 3121 540 3149 rmur
556 3101 634 3168 altat]
652 3103 739 3152 Omner
756 3103 803 3152 seri
833 3109 931 3166 nebant,
950 3109 1001 3168 quia
1012 3111 1034 3156 in
1045 3109 1338 3174 iisconsereodaioipsosbe·

274 3167 397 3215 offenderat
415 3167 526 3215 Dolabella
548 3179 632 3230 propter
652 3170 803 3218 Tribunatum
833 3172 1101 3221 nefieia'eontinebantur.

276 3232 374 3282 seditiosi
394 3233 497 3292 gestum,
525 3249 577 3280 nana
604 3236 749 3296 promulgarat
769 3237 803 3282 le·
867 3253 906 3300 5².
923 3237 1049 3304 Colligam}
1081 3239 1157 3289 Casae
1174 3241 1300 3303 prnseslurus
1317 3244 1354 3289 in

276 3313 337 3356 gem,
353 3313 397 3359 qua
412 3313 479 3344 omne
499 3298 637 3346 contraslum
655 3315 685 3346 res
705 3301 816 3348 alienum‘
833 3301 925 3349 Parthos
935 3303 1061 3351 substituere
1073 3304 1111 3350 fibi
1126 3306 1240 3354 Consulem
1251 3303 1336 3356 Dolabel-

275 3363 334 3409 inter
345 3365 403 3411 cives
414 3363 571 3410 remittebatur.
593 3365 658 3410 Hanc
669 3364 803 3412 rerboffen·
833 3367 879 3414 lam
896 3367 982 3415 voluit:
1000 3369 1144 3416 obnuntiavit
1164 3374 1266 3419 Antonias
1282 3373 1354 3433 capot¹

276 3427 359 3475 stenem
381 3427 490 3475 destrusla
515 3427 552 3475 iila
578 3443 676 3475 execrata
700 3431 804 3477 colutuna
833 3433 937 3492 auguriis·
980 3436 1015 3480 At
1034 3433 1154 3482 inmtetto
1174 3437 1242 3484 statim
1257 3437 1335 3492 calixt,

275 3493 377 3540 abolevit.
833 3499 931 3544 eundem
949 3497 988 3544 srbi
1008 3499 1145 3548 Dolabellam
1163 3504 1260 3563 eollegmr
1271 3503 1335 3548 oblitu

308 3571 349 3619 47.
377 3556 467 3605 Telluris
495 3558 583 3605 Senatui
609 3555 683 3623 sain]
726 3559 804 3606 Tertio
832 3561 978 3623 auspiciorum
988 3564 1077 3628 accepit.

276 3623 384 3683 ponent
402 3622 603 3672 caesarianorum
624 3623 668 3680 die,
692 3621 805 3672 Antonius
868 3642 908 3690 54.
924 3627 1254 3695 nepissanweboetuperrus
1262 3633 1333 3692 Perage

276 3687 383 3735 Senatum
408 3687 432 3733 in
459 3685 548 3734 AEdem
574 3687 670 3736 Telluris
695 3704 803 3736 convoca·
834 3691 856 3736 1.
868 3695 980 3738 notadl.
996 3707 1032 3753 14.
1165 3688 1171 3698 “

276 3753 318 3799 vit.
403 3762 413 3783 s
871 3759 909 3809 ts.
927 3759 972 3802 Per
989 3760 1047 3807 viror
1059 3759 1200 3836 staffines]
1219 3763 1332 3811 amnne

309 3817 349 3876 48.
369 3814 466 3864 Omnibus
479 3818 504 3862 ir'r
518 3814 637 3882 mnrstlun]
654 3817 733 3865 ilibus
741 3819 805 3866 Mar-
834 3821 943 3877 castium,
960 3823 996 3883 qni
1007 3825 1116 3872 cesarem
1126 3824 1283 3874 intertecernnt.

277 3881 313 3926 tiis
332 3881 405 3928 caet'n
426 3881 556 3928 interleslus
576 3885 623 3941 est5
648 3883 736 3944 reliquia
757 3886 804 3931 niis
867 3887 907 3933 62.
921 3885 1094 3956 Maeliifielur]
1113 3891 1205 3937 Abboc
1220 3893 1330 3939 Manlinob·

277 3946 388 3992 mensibus
408 3945 495 3993 summo
511 3959 565 3992 cum
580 3947 671 4007 imperio
681 3951 706 3992 ad
718 3950 805 3997 Kalen·
835 3950 915 3997 setl'um
930 3949 943 3997 i
962 3953 1035 3999 Gallis
1046 3955 1161 4002 liberatum
1171 3957 1202 4003 esl
1217 3959 1331 4019 esparlum„

277 4013 315 4057 dtr
335 4011 480 4069 Septembres,
503 4013 582 4070 quibui
599 4011 647 4056 baee
668 4011 740 4059 habita
758 4013 805 4062 fere
836 4019 871 4062 At
892 4016 1009 4078 cumipse
1029 4019 1136 4066 liberasset
1155 4037 1226 4069 omues
1243 4024 1329 4073 oberunt

278 4075 310 4120 eti
327 4075 403 4131 oratio,
420 4077 444 4120 in
463 4075 552 4137 Repub.
570 4077 696 4122 dominatus
712 4080 744 4123 etl
755 4085 806 4125 An.
836 4081 898 4126 venit
922 4081 947 4128 in
973 4084 1036 4143 regni
1062 4083 1180 4132 affectanti
1207 4087 1329 4150 suspitionm,

277 4137 360 4186 tonina·
837 4144 928 4205 ideoque
944 4161 997 4194 eum
1017 4157 1062 4198 tota
1080 4149 1128 4213 ejtrt
1153 4149 1232 4199 semila
1247 4152 1259 4200 ὲ
1274 4151 1328 4197 melia

308 4215 349 4268 49.
367 4201 457 4250 Beatam
471 4203 571 4268 perenn]
592 4203 739 4255 Felicissimae
761 4207 806 4257 suia
837 4209 932 4258 sublatur
942 4211 984 4259 est.

1255 4278 1327 4343 Man·
