2767 4800
177 275 255 378 ’με
383 247 711 355 innuenti
749 281 1121 357 cicnnonis

225 439 378 502 naturam,
399 447 491 509 quein
507 425 625 489 senibus
639 427 760 492 emori?
784 431 864 512 qnod
891 429 969 492 idem
983 429 1136 514 contingit
1150 425 1318 490 adolescen-
1374 415 1375 484 l

226 515 323 587 tibiis,
339 513 746 596 adversante&repugnante
759 517 875 578 naturis.
915 513 1022 600 ltaque
1034 515 1238 576 adolescentes
1250 511 1321 575 niori
1374 585 1375 588 Ἴ

226 597 269 662 sic
284 599 356 662 mibi
373 599 524 673 videntur,
547 615 582 661 ut
597 619 669 661 cum
685 621 771 680 aquae
794 593 986 664 multitudine
1007 603 1050 664 vis
1073 599 1205 662 flammae
1222 599 1322 680 oppri-

158 733 164 743 ,
227 686 337 749 mitur:
361 684 443 746 senes
466 695 581 759 autem,
604 682 677 747 licut
705 689 755 748 lud
776 687 890 768 sponte,
914 687 998 750 nulli
1023 687 1156 748 adhibita
1182 686 1224 760 vi,
1248 705 1323 746 con·
1374 761 1375 764 Ἴ

58 763 62 772 ’
182 771 362 869 qosumptus
376 771 456 854 ignis
467 771 678 855 extiiiguitur;
704 771 830 854 &quasi
845 793 937 854 poma
948 793 986 834 ex
1000 773 1171 845 arboribus,
1198 766 1324 832 crudafi
1374 767 1375 838 l

228 854 298 930 sint,
312 855 339 918 vi
355 855 548 932 avelluntur3
571 854 593 920 si
609 874 727 920 matura
743 857 770 920 bt
785 858 884 934 cona,
899 858 1060 920 decidunt:
1085 855 1125 920 sic
1142 858 1237 919 vitam
1248 857 1323 917 ado-

226 941 407 1005 lescentibus
424 942 470 1004 vis
484 942 591 1019 aufert,
614 941 733 1006 senibus
756 947 928 1008 maturitas:
952 965 1021 1026 quae.
1036 943 1110 1006 mibi
1126 943 1249 1025 quidem
1265 941 1323 1003 tim

223 1027 361 1114 jucunda
383 1023 437 1104 esl,
461 1043 495 1090 ut
516 1049 579 1111 quo
597 1029 777 1111 propius-ad
799 1049 927 1094 moriem
942 1031 1096 1103 accedam,
1120 1025 1203 1109 quafi
1219 1044 1325 1090 terram

228 1114 331 1178 videre
345 1113 457 1192 videar,
472 1111 696 1198 aliquandoque
711 1115 743 1178 in
759 1133 881 1200 portum
900 1134 940 1182 ex
955 1115 1049 1202 longi
1063 1115 1258 1200 navigatione
1271 1109 1324 1174 else
1374 1115 1375 1120 ’

110 1233 130 1248 ·
231 1213 386 1264 tenturus.

184 1223 227 1358 {5
275 1283 350 1348 XX.
374 1279 528 1350 Omnium
547 1299 676 1350 aetatum
690 1299 791 1356 certus
811 1284 853 1350 ell
865 1285 1028 1350 terminus:
1052 1284 1212 1350 senesluris
1225 1298 1325 1346 autem

231 1371 336 1440 nullus
350 1385 450 1434 certus
464 1367 506 1434 est
520 1375 686 1440 terminus:
711 1371 850 1456 reslsque
866 1375 897 1436 in
913 1377 949 1436 eai
961 1374 1082 1450 vivitur,
1102 1373 1197 1456 quoad
1214 1387 1326 1435 muniis

231 1457 327 1522 offioii
340 1456 449 1539 exequi
471 1457 501 1522 δι
521 1461 599 1522 tueri
621 1461 719 1540 possis,
740 1458 887 1523 &tamen
903 1475 1031 1522 mortem
1051 1477 1263 1529 contemnere3
1288 1473 1326 1516 ex

259 1566 299 1606 uo
312 1539 360 1620 lit,
382 1559 415 1604 ut
436 1542 598 1608 animosior
620 1547 709 1609 eliani
731 1544 865 1608 seneslus
888 1543 934 1620 sit,
957 1546 1049 1627 quim
1065 1543 1272 1617 adolescentia,
1296 1540 1325 1602 δι

186 1654 209 1720 5
235 1565 351 1695 sortior.
389 1625 460 1692 Hoc
481 1630 554 1694 illiid
577 1629 728 1715 est,²quod
746 1629 892 1694 Pisistrato
908 1646 1037 1718 tyranno
1050 1631 1066 1692 ὲ
1081 1630 1193 1692 Solone
1207 1628 1326 1709 respon-

235 1715 298 1778 suni
314 1711 356 1778 est
366 1739 376 1789 3
402 1738 475 1778 curn
491 1717 533 1780 illi
549 1719 709 1799 quaerenti,
725 1717 796 1796 Qui
813 1717 933 1780 tandem
946 1716 994 1796 spe
1009 1716 1117 1793 fretus,
1132 1715 1184 1778 sibi
1197 1731 1259 1776 tani
1274 1732 1327 1773 au-

236 1799 349 1865 daciter
370 1801 538 1866 obsisteret?
563 1801 737 1884 respondisse
761 1801 884 1878 dicitur,
909 1799 1078 1865 Seneslute.
1126 1801 1184 1863 Sed
1210 1797 1326 1862 vivendi

235 1883 306 1950 finis
321 1885 361 1950 ell
376 1888 523 1970 optimus,
545 1909 616 1952 cuni
639 1891 754 1972 integri
781 1907 882 1952 mente
901 1887 1073 1967 caeterisque
1087 1885 1232 1961 sensibus,
1254 1905 1326 1964 opus

235 1974 394 2056 ipsasuum
406 1975 522 2048 eidem,
534 1997 602 2059 quae
613 1976 850 2057 coagmentavit,
864 1971 1116 2038 naturadill'olvit.
1152 1972 1200 2035 Ut
1210 1991 1327 2044 navem,
1374 2043 1375 2050 ἵ

190 2079 284 2145 Jout,
308 2057 471 2122 aedificium
489 2059 711 2144 ideindellrult
730 2059 884 2136 facillime,
908 2062 960 2144 qui
976 2057 1139 2120 oonllruii:
1165 2057 1207 2122 sic
1228 2056 1326 2118 bomi-
1374 2099 1375 2104 κ

235 2168 307 2212 nem
332 2146 435 2208 eadem
456 2145 582 2224 optimi,
612 2167 682 2228 quae
707 2147 942 2230 conglutinavit,
969 2163 1075 2208 natura
1096 2141 1246 2206 dissolvit:
1267 2143 1327 2228 jans

233 2231 334 2296 omnis
346 2231 570 2314 conglutinatio
585 2252 689 2293 recens
701 2231 792 2316 regib,
816 2232 978 2306 inveterata
992 2229 1081 2292 facile
1093 2227 1265 2292 divellitur:
1290 2229 1331 2289 ita

234 2315 282 2392 lit,
307 2333 339 2378 ut
354 2313 425 2377 illud
448 2317 535 2378 breve
550 2317 620 2380 vitae
633 2317 785 2401 reliquum
802 2339 857 2380 nec
872 2317 956 2380 avide
978 2317 1179 2401 appetendum
1195 2315 1326 2390 senibus,

235 2426 294 2469 nec
303 2398 364 2465 sine
373 2404 664 2467 causideserendum
679 2399 730 2467 sit:
754 2422 894 2487 vetatque
906 2402 1090 2490 Rythagoras
1108 2399 1220 2487 injussu
1234 2402 1327 2483 impe·

192 2492 354 2585 iqratotis,
377 2488 472 2565 idest,
496 2489 556 2565 dei,
571 2490 608 2553 de
623 2488 757 2573 praesidio
772 2488 943 2553 &stitione
961 2488 1032 2559 viiae
1047 2490 1202 2553 decedere.
1241 2484 1329 2549 Solo·

235 2576 286 2639 nis
300 2573 420 2657 quidem
432 2574 716 2660 sapientiselogiurn
728 2574 781 2651 est,
794 2598 855 2657 quo
868 2574 894 2639 se
907 2589 997 2659 nogat
1012 2574 1087 2635 uelle
1099 2574 1182 2637 suain
1200 2590 1326 2635 mortem
1338 2595 1342 2601 ’
1374 2592 1375 2607 ¹

222 2660 339 2723 dolore
358 2664 525 2724 amicorum
545 2660 574 2724 dt
596 2660 736 2725 lamentis
753 2682 874 2724 vacare:
898 2659 977 2737 vult,
993 2660 1095 2737 credo,
1111 2659 1141 2725 se
1155 2657 1213 2723 else
1228 2678 1328 2723 carum
1374 2686 1375 2699 ¹

236 2748 307 2814 suis.
323 2744 328 2752 ’
351 2744 408 2809 Sed
424 2747 503 2811 liaud
520 2746 580 2811 scio
594 2768 633 2809 an
649 2746 758 2809 melius
773 2744 910 2809 Ennius:
1374 2742 1375 2747 ’

407 2828 495 2980 ,2si'ino
507 2856 549 2895 nie
560 2830 687 2917 lacrymis
703 2832 817 2912 decoret,
839 2831 1036 2919 neqvesiiner'a
1041 2829 1118 2917 fletu

437 2933 509 2981 uait.

192 2998 317 3067 20Non
331 3002 430 3069 censet
452 3002 614 3089 lugendam
628 3000 684 3067 ell‘e
705 3016 845 3081 mortem,
870 3022 963 3085 quain
989 3002 1202 3077 immortalitas
1227 3001 1328 3065 conse-

237 3105 359 3171 quatur.
403 3086 473 3172 Jum
496 3090 594 3153 sensus
609 3091 756 3153 moriendi
780 3088 890 3172 aliquis
909 3086 965 3152 ess'e
986 3086 1093 3171 potell,
1115 3088 1202 3171 isque
1217 3088 1254 3151 ad
1268 3087 1329 3149 exi·

238 3196 336 3261 guum
352 3191 484 3257 ternpus,
506 3176 666 3257 praesertiin
682 3176 765 3239 senit
791 3172 854 3259 post
874 3190 1002 3239 mortem
1021 3176 1146 3257 quidem
1170 3174 1271 3237 sensus
1284 3184 1330 3235 ant

238 3262 405 3341 optandus,
425 3276 479 3325 aut
500 3262 604 3325 nullus
628 3259 678 3324 est.
727 3260 783 3325 Sed
807 3262 865 3324 hoc
890 3261 1067 3325 meditatum
1083 3260 1121 3323 ab
1137 3258 1334 3328 adolescentia
1374 3288 1375 3303 2

193 3346 330 3436 25debet
344 3346 411 3424 else,
434 3362 562 3410 mortem
578 3364 613 3410 ut
627 3348 837 3433 negligamus;
859 3344 920 3411 sine
937 3350 999 3428 quii
1013 3344 1225 3422 meditatione,
1252 3363 1332 3408 iran-
1374 3336 1375 3391 l

243 3433 341 3517 quillo
358 3432 414 3497 else
428 3434 529 3497 animo
549 3454 640 3495 nenio
662 3432 775 3517 potest:
800 3432 990 3497 moriendum
1011 3432 1092 3497 enim
1115 3430 1200 3495 certe
1221 3429 1285 3507 est3
1307 3430 1333 3495 st
1374 3434 1375 3509 l

241 3520 271 3584 id
288 3521 450 3596 incertum,
472 3540 511 3581 an
537 3540 574 3582 eo
597 3519 659 3601 ipso
682 3520 751 3595 die,
774 3537 901 3583 mortem
917 3520 1009 3604 igitur
1023 3518 1166 3585 omnibus
1181 3516 1267 3579 horis
1281 3518 1333 3581 im·

239 3604 423 3689 pendentem
450 3606 572 3680 timens,
594 3605 648 3686 qui
673 3606 782 3688 poterit
805 3606 907 3668 animo
926 3600 1104 3670 consistere?
1129 3606 1169 3665 de
1190 3605 1256 3687 quai
1274 3622 1332 3667 non

241 3690 283 3753 iia
309 3692 401 3776 longi
423 3690 622 3773 disputatione
636 3710 711 3773 opus
726 3688 781 3754 elie
796 3690 931 3767 videtur,
948 3689 1020 3753 clini
1035 3690 1187 3767 recorder,
1210 3710 1276 3753 non
1292 3690 1333 3751 so·
1374 3762 1375 3777 χ

195 3776 307 3872 30lum
323 3774 468 3854 Brutum,
491 3778 543 3859 qui
567 3776 597 3840 in
612 3775 767 3841 liberandi
792 3778 888 3860 patriai
906 3774 1157 3855 eslinterseslus:
1183 3796 1248 3839 non
1264 3776 1333 3837 duos
1374 3848 1375 3865 ἦ

236 3860 369 3939 Decios,
391 3863 443 3945 qui
457 3864 501 3944 ¹nd
517 3862 714 3927 voluntariam
731 3878 858 3926 mortem
874 3862 990 3926 cursum
1012 3881 1161 3943 equorum
1186 3860 1331 3925 incitave-
1374 3870 1375 3921 l

139 4027 144 4033 .
240 3962 335 4011 runt:
361 3972 423 4013 non
447 3945 497 4011 M.
523 3948 666 4023 Atilium,
700 3950 754 4031 qui
779 3950 813 4011 ad
842 3949 1018 4031 supplicium
1042 3944 1082 4009 cll
1105 3944 1275 4031 professus,
1303 3958 1333 4007 ut
1374 3968 1375 4005 i

243 4030 335 4097 fidem
361 4032 437 4097 hosii
459 4034 558 4095 datam
581 4036 790 4099 conservaret:
827 4056 890 4098 non
911 4036 987 4099 duos
1011 4031 1180 4115 Scipiones,
1202 4030 1256 4115 qui
1283 4030 1333 4095 iter

242 4116 348 4181 Poenis
364 4120 408 4181 vel
425 4119 599 4201 corporibus
622 4119 678 4205 suis
694 4120 846 4185 obstruere
861 4118 1038 4184 voluerunt:
1062 4141 1125 4183 non
1142 4132 1236 4183 avum
1251 4135 1331 4183 tuum
1355 4138 1375 4177 Α

241 4200 281 4267 L.
302 4200 442 4279 Paulum,
464 4205 516 4286 qui
531 4219 628 4266 morte
644 4206 701 4269 luit
717 4207 842 4293 collegae
866 4206 897 4269 in
918 4204 1087 4269 Cannensis
1101 4204 1272 4290 ignominis
1292 4218 1331 4265 te·

198 4289 428 4388 35rneritateni:
446 4309 509 4354 non
526 4287 575 4355 Μ.
588 4286 786 4371 Marcellum,
807 4292 895 4374 cujus
904 4292 1058 4357 interitum
1073 4311 1111 4357 ne
1121 4290 1331 4438 crudeliliiqius

846 4394 866 4442 2
1215 4396 1268 4461 qui
1287 4394 1332 4441 en
