2767 4800
408 309 412 317 .
515 259 551 332 v
600 215 703 335 r'r
750 261 799 335 A,
1126 268 1221 344 nvn

65 407 158 485 lenit,
183 405 325 490 eoquod
344 403 537 470 Antoniusit
556 402 707 469 Cicerone
722 406 812 470 caetis
825 403 943 470 initium
958 407 1090 472 lodiucus
1104 427 1224 493 putare-

67 510 125 558 tur.
171 493 320 558 Antonio
333 488 465 554 Tullius
484 486 628 572 respondit
648 493 738 555 nobili
755 494 786 558 dt
799 489 900 556 divinai
921 493 972 558 sud
986 493 1166 580 Philippica,
1193 500 1226 560 in

67 583 125 664 quai
141 597 242 644 totam
258 577 393 642 Antonii
410 575 502 638 vitam
522 579 644 640 excuffit
657 577 787 664 egregii.
833 576 950 642 Verum
963 601 1025 642 non
1044 584 1139 646 adsuit
1153 587 1225 646 An·

68 671 183 742 tonius,
219 683 315 750 quem
337 679 439 725 tarnen
465 663 547 746 quari
572 665 741 746 praetentent
764 659 941 748 alloquitur:
971 666 1092 732 obviim
1116 667 1226 750 nempe

69 755 163 816 iterat
193 750 369 834 legionibus
395 763 533 831 quatuor,
555 769 622 834 quae
647 751 678 812 in
704 742 918 814 Macedoniam
939 751 957 813 a
976 745 1092 817 Caesare
1121 754 1224 830 miss'ae,

72 833 136 920 poll
150 837 219 922 ejus
230 833 350 898 eaedem
366 835 398 895 in
415 831 530 896 ltaliam
548 835 705 911 redierant,
728 851 820 898 uteas
834 833 884 898 fibi
897 836 1024 918 potumi
1038 842 1226 917 conciliaret,

74 925 106 985 dt
120 926 152 986 in
166 924 274 986 urbem
289 922 462 984 adduceret.
517 919 713 984 Brundusium
733 922 833 1005 itaque
852 923 1004 986 territura
1027 923 1224 990 Idusooob.

77 1007 217 1072 Pmfflo
233 1009 388 1082 Antonio,
416 1003 605 1068 Oslavianus
628 1004 758 1088 primum
773 1007 791 1066 a
806 1005 937 1084 Calatia,
959 1011 1063 1074 moxi
1082 1011 1227 1075 Catsdino

78 1111 231 1157 veteranos
253 1093 368 1156 milites
381 1087 504 1166 excivit,
527 1113 654 1172 quorum
673 1088 721 1154 alii
746 1091 835 1155 secuti
856 1094 1027 1175 exemplum
1042 1095 1122 1160 brevi
1138 1119 1225 1160 exer·

77 1179 173 1244 citum
188 1177 410 1242 conflaudrunt.
429 1189 431 1196 '
457 1175 567 1238 Cicero
587 1195 650 1239 tum
667 1176 871 1254 rusticabatur,
894 1179 1026 1244 &libros
1044 1172 1225 1246 de'Officiis

76 1265 257 1330 abntvebat.
305 1265 384 1326 Sunt
398 1261 450 1347 qui
467 1278 570 1344 putent
584 1285 620 1326 eo
635 1280 766 1344 tempore
785 1263 936 1328 Paradoxa
950 1265 1095 1348 scripsiss'e.
1138 1268 1224 1336 Cirrn
1311 1296 1314 1304 ·

77 1347 206 1414 ndiffet
228 1347 366 1415 Romam
383 1349 544 1426 Antonius,
565 1365 654 1431 atque
669 1347 761 1414 adell'e
782 1339 899 1436 jussisset
918 1346 1061 1414 Senatum
1076 1354 1106 1414 in
1128 1353 1224 1436 Capi.

78 1437 166 1514 tolio,
188 1435 304 1499 errdivit
319 1435 471 1522 legionem
487 1429 628 1504 Martiam
651 1433 680 1496 St
697 1451 838 1518 quartam
850 1435 886 1498 ad
902 1435 1105 1520 Osiavianum
1120 1441 1225 1504 transt·

77 1521 176 1586 uisse:
200 1543 292 1606 quare
304 1539 406 1584 mente
419 1515 562 1594 concidit,
578 1518 605 1582 dr
622 1519 721 1610 statim
737 1521 767 1582 in
779 1515 912 1584 Galliam
921 1519 1086 1585 citeriorem
1100 1527 1232 1608 paludaae

79 1625 133 1670 tus
150 1629 302 1692 properare
322 1607 465 1682 decrevit,
487 1627 575 1688 quam
591 1621 746 1686 acceperat
765 1604 783 1668 ai
800 1603 933 1688 populo:
956 1601 1003 1668 sed
1014 1608 1136 1672 Brutus
1154 1631 1226 1676 eum

84 1693 242 1774 provincia
254 1692 386 1768 exclusit,
410 1691 579 1756 &edietum
595 1691 756 1774 proposuit,
778 1713 843 1775 quo
857 1691 1089 1776 promittebatis
1103 1699 1224 1776 provin·

86 1773 165 1842 ciam
180 1777 310 1844 Galliam
327 1781 358 1842 in
386 1775 513 1842 Senatds
540 1775 698 1864 populique
718 1775 848 1841 Romani
872 1773 1013 1862 potestate
1031 1796 1225 1847 retenturum.

85 1861 194 1928 Cicero
213 1863 346 1930 Romani
363 1859 504 1941 resersus,
527 1861 597 1926 ciam
613 1856 762 1931 audivisset
776 1859 931 1928 decretum
948 1861 966 1925 t
985 1863 1080 1930 Bruto
1093 1865 1225 1949 propost-

81 1949 155 2028 ttim,
177 1953 316 2023 venitin
342 1943 497 2024 Senonum,
518 1972 578 2034 quo
598 1947 695 2032 plures
714 1969 785 2013 cum
808 1972 845 2012 eo
865 1945 1021 2015 Senatores
1045 1954 1223 2018 convestire.

80 2034 264 2102 iteratarum
285 2033 529 2116 Tribuni-plebis
548 2035 584 2098 ad
604 2035 760 2110 Senatum,
781 2034 818 2100 de
833 2035 967 2118 praesidio
980 2035 1149 2103 Consulum
1169 2041 1224 2102 de-

78 2121 263 2206 signatorum
285 2121 429 2186 Pansa&
449 2119 553 2195 Hirtii,
576 2135 609 2184 ut
632 2119 755 2184 Senatus
775 2115 848 2186 Kal.
872 2121 943 2207 Jan.
968 2127 1034 2187 tuto
1058 2125 1170 2203 haberi,
1190 2126 1229 2189 δι’

78 2209 228 2276 senturtiae
258 2207 305 2270 de'
320 2203 447 2272 summd'
464 2203 582 2288 Repub.
613 2205 672 2270 dici
699 2205 819 2288 possent.
865 2205 975 2274 Cicero
997 2209 1078 2277 suam
1100 2229 1225 2310 rogatus

79 2295 203 2368 cersuit,
225 2309 262 2357 ut
277 2283 440 2376 praesrdium
456 2291 671 2368 decerneretur,
694 2293 725 2354 da
744 2315 813 2379 quae
835 2291 984 2358 Octavius
997 2292 1233 2383 Caesaregrllct,·
1308 2353 1318 2366 ,

80 2381 199 2463 publicai
216 2377 395 2447 austoritate
418 2373 674 2454 confirmarentur,
696 2377 754 2442 &o
799 2377 850 2445 De
874 2381 919 2443 his
939 2379 1004 2445 vid'e
1027 2381 1225 2464 Philippicam

81 2462 207 2531 tertiamss
254 2464 383 2530 Fac‘lum
411 2464 454 2527 est
479 2460 568 2556 igitur
588 2464 618 2527 in
635 2468 699 2551 ejus
726 2466 898 2532 sententiam
921 2464 1224 2547 stnatuscopsuitum

79 2550 290 2657 &progressus
306 2555 337 2615 in
358 2546 551 2631 concionem,
572 2550 643 2635 quid
664 2549 766 2616 auum
787 2544 856 2615 essct
876 2554 907 2617 in
931 2551 1044 2619 Senatu
1057 2542 1225 2639 Philippica

82 2656 188 2725 quarta
201 2638 341 2728 exponit.

247 2842 443 2921 A‘N'N'US
475 2852 646 2919 UR'BI'S'
668 2852 742 2920 CO
754 2854 790 2918 N
802 2853 962 2930 Dl‘TAE
991 2876 1062 2943 7103

82 3004 149 3095 Goffi
162 3002 196 3071 C.
214 3000 300 3071 Wbto
314 3000 421 3095 Panffi,
435 2998 471 3067 A.
487 2976 593 3069 Hirtio
606 3015 673 3065 onte
688 2998 830 3088 Ottistum
842 3016 894 3082 42.
929 2999 1073 3067 Ciceronis
1080 3000 1222 3090 fixogest-

558 3110 619 3152 mas
633 3102 763 3173 quartur.

124 3250 277 3317 Kalendis
290 3248 439 3333 Januariis
462 3249 607 3317 Consules
632 3248 776 3321 Senatum
794 3248 961 3315 babuimnt
975 3250 1006 3313 in
1020 3247 1174 3331 Capitolio
1188 3250 1228 3315 de

87 3337 235 3413 Antonio,
249 3338 303 3417 qui
320 3334 473 3402 Mutinam
489 3331 645 3412 obsidebat,
656 3336 686 3399 ἃ
697 3336 742 3401 D.
757 3335 883 3400 Brutum
891 3334 1090 3418 oppugnabat.
1113 3336 1227 3401 Cicero

87 3424 115 3487 id
125 3426 186 3508 egit
197 3440 234 3487 ut
245 3422 336 3485 hosiis
347 3424 497 3487 Antonius
507 3424 703 3509 judicaretur,
723 3422 771 3485 alii
786 3435 823 3487 ut
832 3423 919 3506 legati
934 3422 970 3484 ad
985 3436 1055 3483 eum
1070 3425 1226 3488 mitteren-

85 3524 143 3573 tur.
190 3508 308 3573 Habuit
322 3508 411 3605 igptu'r
424 3510 558 3591 quintam
578 3508 785 3589 Philippum,
807 3510 837 3571 in
852 3511 913 3591 quai
925 3507 1104 3591 legationem
1118 3510 1225 3577 dissua-

86 3594 146 3673 det,
167 3593 326 3659 contendit
340 3594 418 3658 bello
434 3596 604 3662 Antonium
619 3594 674 3662 esse
697 3595 941 3677 persequendum,
963 3599 1090 3657 tonores
1101 3592 1158 3659 esse
1171 3594 1228 3659 de-

87 3682 252 3747 cernendos
265 3680 313 3757 iis,
371 3680 379 3741 i
391 3680 523 3745 adversus
532 3702 600 3744 eum
614 3679 842 3763 Rempublicam
857 3679 999 3743 defensun
1012 3678 1112 3743 essent.
1135 3679 1228 3764 Judi·

87 3766 275 3839 catussuisset
350 3768 356 3779 '
381 3766 545 3843 Antonius,
555 3766 606 3831 nist
618 3766 734 3832 Salvius
743 3764 1013 3849 Tribunus-plebis
1023 3766 1227 3847 intercessisset,

88 3850 237 3923 Decrevit¹
253 3870 356 3918 tamen
381 3847 505 3917 Senattu
521 3868 553 3915 ut
568 3852 678 3917 Brutus
698 3850 874 3930 laudaretur,
897 3852 979 3937 quod
994 3852 1132 3921 Antonio
1144 3852 1229 3919 Gal·

90 3938 157 4007 liam
172 3960 233 4005 non
249 3936 430 4010 moceffisset
446 3966 455 4014 t
479 3952 511 4000 ut
525 3938 626 4003 Cesar
640 3938 831 4001 Octavianus
846 3958 917 4000 curn
932 3936 1026 4001 Pansa
1045 3937 1155 4001 bellum
1171 3960 1232 4024 μω
1364 3933 1365 3958 ¹

91 4042 174 4105 reret,
195 4026 372 4091 senteutiam
398 4024 466 4086 loco
485 4017 629 4089 consulari
650 4023 771 4101 diceret,
793 4022 977 4089 consulatum
993 4037 1104 4107 peteret
1122 4024 1228 4089 decem

93 4114 171 4177 annis
182 4114 262 4199 priris
277 4112 374 4195 quim
389 4110 454 4193 lege
468 4110 601 4177 sasesset.
648 4108 770 4173 Decreti
785 4109 852 4173 sunt
862 4111 961 4195 itaque
974 4109 1109 4194 legatiad
1124 4112 1230 4174 Anto·
1349 4122 1355 4131 ¹

92 4200 170 4265 nium
192 4221 263 4279 cum
289 4199 328 4263 iis
344 4196 442 4259 verbis
461 4214 530 4278 quae
557 4196 668 4261 Cicero
688 4195 887 4279 perscriberet.
931 4196 1014 4280 Qrae
1028 4196 1144 4257 adeam
1164 4218 1230 4282 remx

89 4287 230 4378 pertinent
241 4285 326 4365 sextat
347 4281 514 4379 Philippica
527 4283 637 4419 populo
650 4283 796 4387 exposuit.
839 4280 925 4350 com
939 4280 1232 4455 interippelestqppplpp¹¹
