2767 4800
185 281 256 363 ,32
380 256 437 332 nr.
479 251 711 328 ruemt
751 235 1122 324 crceaon'rs

236 421 348 463 munus
358 397 458 462 solitus
469 395 540 459 elles
552 398 647 458 obire.
692 393 825 458 Scaevola.
870 391 1024 476 Qtaerunt
1034 395 1170 476 quidem,
1185 389 1229 458 C.
1241 391 1332 468 Loell,

237 487 337 561 multi,
360 503 394 545 ut
407 483 450 545 est
464 485 482 544 ai
497 481 616 544 Fannio
633 477 767 542 dietum:
790 479 836 542 sed
850 500 908 564 ego
923 481 950 542 id
965 480 1139 563 respondeo,
1162 482 1249 561 quod
1266 482 1330 544 ani⁴

193 572 395 649 25madverti,
417 587 446 630 te
456 568 589 630 dolorem
604 585 695 646 quem
707 565 855 646 acceperis
870 564 941 627 crim
955 565 1062 628 summi
1076 567 1145 642 viri,
1169 568 1240 629 ttim
1257 567 1333 628 ami·

240 657 344 718 ciffimi
363 672 471 729 morte,
488 655 561 714 ferre
576 649 746 713 moderate:
773 671 828 712 nec
840 645 962 731 potuisse
975 671 1035 712 uon
1051 653 1252 726 commoveri,
1275 671 1333 712 nec

240 739 324 804 soille
339 741 366 800 id
383 738 577 801 humanitatis
592 754 671 811 tuae;
695 737 773 817 quod
787 753 887 798 autem
899 735 945 796 his
957 733 1057 798 Nonis
1073 737 1104 798 in
1121 735 1223 808 nostro
1232 737 1333 798 colle-

240 827 293 906 gio
316 844 378 886 non
407 821 555 894 adfuilles,
578 821 812 883 invaletudinem
840 821 947 894 causae,
970 841 1032 882 non
1051 821 1224 882 moellitiam
1247 819 1335 884 tuille

242 908 314 971 Lael.
359 907 454 971 Reate
470 908 651 986 mquidem,
673 905 821 980 Seaevola,
843 905 972 980 &terea
996 925 1051 968 nec
1065 907 1147 970 enim
1159 905 1265 970 abillo
1279 907 1331 968 of·

196 992 324 1078 goficio,
347 995 428 1076 quod
453 996 565 1072 semper
588 992 735 1070 usurpavi,
757 990 827 1054 etim
843 991 982 1064 valerem,
1004 991 1111 1054 abduci
1132 993 1339 1056 incommodo

242 1101 312 1142 meo
333 1081 440 1142 debui:
466 1099 521 1139 nec
548 1077 609 1137 ullo
631 1073 699 1138 calu
724 1079 850 1140 arbitror
865 1078 923 1138 hoc
941 1073 1087 1139 constanti
1110 1078 1227 1143 hominr
1253 1075 1333 1158 posse
1375 1107 1376 1132 t

241 1165 430 1248 contingere,
454 1177 488 1224 ut
513 1161 761 1224 ullaintermiffio
784 1157 953 1224 fiatofficii.
1000 1160 1056 1224 Tar
1080 1177 1194 1237 autern,
1215 1160 1331 1234 Fanni,

241 1251 293 1332 qui
317 1250 389 1312 mibi
416 1264 534 1310 tantum
557 1247 646 1307 tribui
671 1248 757 1322 dicia,
780 1260 926 1328 quantum
947 1267 1005 1332 ego
1028 1267 1084 1310 nec
1107 1247 1250 1330 agnosco,
1272 1268 1332 1310 nec
1375 1251 1376 1318 l

242 1333 370 1415 postulo,
392 1335 466 1396 facis
485 1327 604 1393 amice:
629 1330 689 1404 led,
712 1347 745 1394 ut
759 1331 833 1393 milti
849 1331 967 1408 viderit,
990 1353 1052 1395 non
1067 1332 1145 1414 redte
1158 1334 1278 1416 judicas
1292 1335 1333 1392 de
1375 1321 1376 1394 l

197 1419 384 1503 35Catone3
406 1434 458 1482 aut
483 1419 574 1480 enim·
594 1437 697 1492 nemo,
718 1417 801 1498 quod
824 1417 944 1498 quidem
968 1419 1062 1502 magis
1087 1420 1183 1491 credo,
1215 1433 1283 1493 aut,
1308 1415 1340 1478 st·
1375 1411 1376 1464 l

186 1528 199 1540 ·’
243 1504 412 1587 quisquam,
433 1502 484 1565 ille
499 1502 612 1582 sapiens
628 1501 697 1564 luit.
743 1500 909 1584 Quomodo
933 1502 1028 1577 enim,
1050 1519 1084 1564 ut
1105 1502 1163 1562 alia
1177 1501 1333 1576 omittam,
1375 1517 1376 1570 l

244 1605 372 1652 mortem
396 1587 454 1652 filii
472 1585 562 1650 tulit?
587 1585 781 1649 memineram
795 1583 943 1661 Paulum,
963 1587 1091 1649 videram
1112 1583 1256 1650 Gallum:
1280 1587 1332 1648 sed
1375 1577 1376 1668 l

243 1675 275 1737 bi
296 1676 325 1737 in
347 1675 464 1754 pueris,
488 1671 569 1734 Cato
588 1671 620 1734 in
639 1671 772 1752 perledlo
797 1669 827 1733 bc
852 1671 984 1752 spenato
1002 1673 1075 1734 uiro.
1099 1671 1331 1750 Quamobrem
1375 1687 1376 1762 l

242 1780 314 1819 cave
329 1758 441 1822 Catoni
465 1772 629 1836 anteponas
655 1777 692 1817 ne
715 1757 803 1820 istum
823 1755 946 1839 quidem
972 1756 1076 1838 ipsum,
1098 1778 1189 1838 quern
1205 1757 1331 1838 Apollo,
1375 1799 1376 1844 l

196 1860 277 1929 4out
301 1845 356 1918 ais,
379 1843 616 1924 sapientissimum
639 1842 802 1925 judicavit:
828 1841 916 1927 hujus
941 1845 1021 1905 enim
1043 1839 1132 1918 taeta,
1155 1841 1235 1905 illius
1254 1841 1329 1904 dieta
1375 1849 1376 1906 l

243 1929 412 1992 laudantur.
437 1925 779 2012 Demeautem,utjam
792 1925 1169 2011 cumuttoqueloquar,ste
1182 1931 1328 1990 habetote.
1375 1925 1376 1994 l

220 2035 236 2080 1
287 2011 343 2078 lll.
366 2011 444 2098 Ego,
467 2011 650 2092 srScipionis
677 2013 819 2074 deluletlo
843 2033 891 2072 me
915 2015 1027 2076 moveri
1053 2035 1173 2098 negem,
1195 2013 1287 2095 quim
1303 2013 1329 2072 id
1375 2007 1376 2082 3

179 2112 186 2126 '
244 2099 323 2163 teile
339 2098 458 2172 faciam,
473 2097 599 2160 viderint
614 2097 772 2175 lapientes:
798 2096 844 2159 led
855 2098 934 2161 terti
946 2101 1090 2174 mentiar,
1114 2119 1241 2160 moveor
1251 2097 1329 2160 enim
1375 2117 1376 2180 ξ

244 2183 298 2244 tali
319 2184 418 2244 amico
433 2184 566 2255 orbatus,
588 2184 696 2262 qualis,
720 2199 753 2244 ut
768 2181 904 2258 arbitror,
926 2205 1017 2246 nemo
1040 2184 1174 2267 unquim
1191 2185 1271 2256 erit,
1290 2181 1329 2256 dt,
1375 2193 1376 2272 l

240 2283 279 2326 ut
293 2263 470 2330 confirmare
484 2265 610 2346 polsum,
634 2287 726 2328 nemo
740 2266 820 2330 certe
832 2266 905 2330 luit:
929 2267 974 2330 led
994 2289 1053 2331 non
1067 2289 1143 2354 egeo
1158 2267 1307 2342 medicina
1320 2296 1331 2342 ·,
1375 2275 1376 2340 l

222 2368 294 2433 5me
316 2350 374 2432 ipse
394 2351 544 2424 consolor,
566 2347 596 2410 dt
622 2352 749 2415 maxime
764 2352 817 2415 illo
837 2349 952 2429 solatio,
974 2354 1053 2436 quod
1069 2376 1105 2417 eo
1119 2374 1221 2417 errore
1236 2373 1332 2429 careo,
1375 2379 1376 2423 l

247 2458 312 2518 quo
329 2437 492 2498 amicorum
507 2434 621 2498 decell'u
638 2437 772 2519 plerique
785 2437 854 2521 angi
871 2438 964 2499 solent
974 2466 984 2515 3
1007 2440 1081 2501 nibil
1097 2440 1181 2501 enim
1197 2438 1268 2501 mali
1281 2460 1331 2501 ac·
1375 2430 1376 2507 l

245 2518 345 2583 cidisse
355 2520 487 2602 Scipioni
500 2541 594 2601 puto:
617 2522 689 2583 mihi
706 2524 826 2597 accidit,
849 2520 949 2605 srquid
962 2524 1085 2586 accidit:
1102 2524 1272 2589 luiaautem
1284 2524 1330 2585 in·

246 2607 413 2669 commodis
428 2608 556 2688 graviter
573 2608 655 2691 angi,
679 2628 740 2671 non
756 2609 901 2681 amicum,
923 2608 970 2669 led
1001 2608 1122 2691 seipsum
1138 2612 1268 2671 amantis
1281 2607 1330 2669 eil.
1375 2614 1376 2695 l

249 2690 336 2754 Cum
351 2691 402 2753 illo
421 2693 491 2753 vero
505 2692 572 2774 quis
587 2707 676 2775 neget
695 2694 795 2757 adium
810 2690 864 2753 elle
878 2690 1041 2775 praeclarel
1065 2691 1118 2757 nist
1132 2695 1230 2771 enim,
1252 2694 1330 2778 quod
1375 2696 1376 2735 l

200 2776 298 2844 toille
320 2773 444 2839 minime
459 2781 593 2857 putabat,
617 2778 872 2841 immortalitatem
886 2794 987 2859 optare
1002 2778 1102 2859 vellet,
1125 2780 1200 2861 quid
1216 2802 1276 2842 non
1291 2777 1331 2841 elt
1375 2786 1376 2847 l

247 2862 385 2942 adeptus,
406 2862 486 2943 quod
502 2862 618 2923 bomini
638 2862 680 2923 fas
695 2862 764 2925 ellet
777 2862 902 2945 optare?
926 2865 979 2944 qui
1001 2865 1146 2929 summam
1162 2866 1243 2947 spem
1259 2865 1330 2927 civi·
1375 2862 1376 2927 l

249 2966 315 3020 um,
329 2967 420 3025 quam
431 2938 584 3029 deeojani
595 2967 686 3027 puero
698 2948 876 3025 habuerant,
891 2948 1221 3013 continubadolelceoa
1236 2948 1330 3014 iucre-

250 3031 333 3093 dibili
346 3032 453 3092 virtute
468 3030 629 3111 superavit:
653 3031 704 3111 qui
718 3032 917 3097 Consulatum
934 3035 1038 3115 petivit
1051 3034 1227 3117 nunquim,
1239 3035 1330 3099 tanus
1375 3076 1376 3099 l

137 3187 140 3192 ¹
250 3112 293 3177 est
314 3112 430 3176 Consul
444 3114 502 3190 bis,
524 3117 654 3195 primum
676 3134 747 3181 ante
772 3135 909 3201 tempus:
933 3121 1041 3182 iterum
1055 3118 1106 3182 fibi
1121 3120 1175 3181 suo
1189 3136 1332 3203 tempore,
1375 3116 1376 3133 ²

206 3198 560 3288 ‚nerpuapaenererm
583 3187 1331 3283 quidlabusurbibuseverstelniniciffimisnuic
1375 3208 1376 3267 l

250 3284 388 3366 irnperio,
410 3306 472 3347 non
495 3286 585 3349 modo
598 3287 765 3368 praesentia,
786 3290 994 3353 verumetiam
1009 3290 1108 3353 lutura
1121 3290 1203 3353 bella
1216 3290 1333 3367 delevit.
1375 3318 1376 3371 ᾗ

250 3366 337 3452 Qid
362 3371 460 3433 dicam
474 3372 511 3433 de
534 3374 667 3434 moribus
692 3372 863 3437 facillimis?
886 3375 923 3436 de
944 3374 1051 3455 pietate
1067 3377 1100 3438 in
1120 3374 1274 3438 matrem?
1296 3376 1332 3438 li·
1375 3374 1376 3445 l

157 3524 159 3527 ¹
249 3455 404 3518 beralitate
424 3456 455 3518 in
476 3456 608 3541 sororesl
632 3457 766 3521 bonitate
781 3462 811 3522 in
827 3460 893 3523 suos
908 3458 919 3523 l
937 3458 1051 3543 justitiai
1067 3462 1097 3522 in
1112 3460 1242 3525 omnes?
1266 3480 1335 3525 nota
1375 3456 1376 3469 l

186 3595 192 3605 .
251 3540 320 3605 sunt
334 3542 436 3604 vobis:
460 3562 550 3624 qoam
565 3557 664 3604 autem
679 3544 791 3607 civitati
806 3565 892 3606 carus
903 3542 1004 3624 fuerit,
1016 3566 1149 3610 moerore
1159 3548 1273 3610 funeris
1288 3548 1330 3609 in·

204 3626 384 3698 nodicatum
395 3624 447 3688 est.
492 3626 585 3708 Quod
608 3627 697 3711 igitur
711 3629 794 3693 bunc
809 3650 974 3711 paucorum
988 3652 1139 3695 annorum
1153 3634 1333 3716 aeeeffioju·
1375 3628 1376 3661 ³

251 3733 320 3774 vare
334 3710 493 3793 potuisset?
516 3712 648 3775 tenellus
671 3714 764 3790 enim,
787 3715 922 3799 quamvis
945 3738 1007 3779 non
1028 3714 1063 3779 lit
1087 3718 1201 3802 gravis,
1224 3736 1256 3779 ut
1271 3739 1334 3779 me-

251 3796 493 3859 mini-Catonem
518 3817 599 3859 anno
621 3796 702 3877 ante,
723 3800 813 3882 quim
827 3816 963 3864 mortuus
984 3801 1039 3879 est,
1059 3800 1241 3876 meeum&
1266 3824 1334 3865 cum

250 3878 393 3963 Scipione
406 3867 552 3958 dlll'erete,
573 3898 675 3945 tamen
699 3886 795 3948 auiert
815 3906 881 3949 eam
898 3887 1087 3966 viriditatem,
1108 3890 1142 3951 in
1155 3908 1218 3973 qua
1230 3888 1334 3949 etiam-

251 3983 404 4030 numerat
418 3965 530 4049 Scipio.
574 3964 783 4049 Qramobrem
798 3970 859 4033 rita
871 3972 996 4053 quidem
1009 3976 1075 4037 talia
1089 3974 1160 4050 luit,
1180 3973 1228 4036 vel
1245 3974 1335 4037 fortu-
1375 4008 1376 4021 π

207 4070 305 4152 25na,
327 4052 373 4112 vel
386 4054 495 4136 gloria,
516 4067 551 4115 ut
566 4054 640 4117 nibil
656 4054 747 4135 pollet
762 4056 901 4119 accedere
911 4083 922 4133 3
945 4060 1094 4123 moriendi
1108 4074 1211 4123 autern
1226 4060 1335 4122 sensum
1375 4066 1376 4077 ³

252 4132 389 4204 celeritas
402 4134 544 4217 abstulita
565 4159 630 4222 quo
652 4140 691 4209 de
703 4160 813 4230 genere
835 4144 940 4209 mortis
953 4141 1245 4293 ὥίὶεὓοὼᾶυοὲξ
1268 4144 1334 4225 quid

524 4253 528 4264 ·
1244 4246 1335 4295 atrata
1375 4234 1376 4249 ¹
