2767 4800
175 285 247 338 xrts
289 261 345 336 M.
384 260 622 336 TULLII
657 259 1016 337 CICERONIS
1052 258 1253 336 VITA:

176 410 301 474 domum
320 405 445 472 Caesaris
460 407 536 472 clam
552 408 676 494 ingredi,
698 406 807 490 sibique
823 425 892 471 ante
905 409 979 471 lares
993 410 1055 494 ejus
1071 428 1177 473 manus
1192 405 1355 487 inferre,

183 513 216 559 ut
231 497 261 559 in
279 496 371 578 patriai
386 517 474 578 quam
490 495 649 556 servaverat
663 511 835 571 moreretur,
857 489 1024 557 &Caesaris
1039 492 1188 577 perfidiam
1208 514 1355 576 argue-

177 599 233 658 ret,
255 582 272 644 i
292 603 354 662 quo
369 598 430 642 tam
445 578 551 664 ignave
566 579 750 662 prodebatur.
795 579 852 642 Sed
868 582 1052 644 cruciatuum
1074 594 1155 642 metu
1170 579 1354 660 depulsus,

180 669 268 732 servis
284 667 310 729 se
324 665 358 728 ad
375 659 511 764 Cajeram
526 665 737 748 deportandum
752 667 871 748 navigio
885 665 1044 742 commisit,
1067 666 1116 727 ubi
1134 666 1261 748 praedia
1280 665 1351 726 ha-

180 753 278 816 bebat.
326 751 372 814 Ad
384 747 540 815 Ciceronis
554 773 671 828 navem,
694 774 762 838 quae
777 754 813 816 ad
825 755 905 814 littus
918 747 1126 834 appellebatur,
1140 751 1229 814 corvi
1250 771 1348 812 con-

180 839 280 904 fertim
295 837 479 913 advolitant,
501 853 591 919 atque
602 857 639 899 ex
653 841 779 921 utrique
792 852 871 920 parte
884 854 1021 900 antennae
1034 837 1188 900 insidentes
1202 838 1343 918 partim

179 924 373 998 crocitairunt,
387 923 491 1004 partim
502 923 661 987 rudentum
672 923 771 1004 capita
780 921 878 986 rostris
892 923 1082 986 tutuderunt:
1099 922 1179 1004 quod
1195 923 1343 1005 signum

126 1043 132 1051 ·
180 1007 339 1072 infaullum
354 1010 495 1070 omnibus
509 1008 601 1071 visum
616 1007 667 1072 est.
712 1007 823 1072 Cicero
844 1025 941 1072 tamen
964 1007 1091 1092 egrelltu
1112 1009 1143 1070 in
1163 1007 1284 1071 villam
1311 1007 1345 1069 se

179 1095 304 1176 recepit,
326 1092 357 1156 dr
370 1093 501 1176 quietise
522 1093 620 1156 dedit:
646 1095 685 1156 ibi
707 1115 866 1158 corvorum
893 1116 1000 1178 magna
1014 1115 1080 1175 pars
1095 1092 1166 1168 nisti
1185 1115 1277 1157 voce
1297 1091 1343 1154 ad

180 1179 336 1244 fenestram
358 1177 466 1253 affedit,
490 1201 565 1244 unus
590 1181 619 1241 in
644 1179 753 1244 lodium
774 1179 931 1256 devolavit,
953 1180 984 1244 dr
1001 1179 1096 1242 rostro
1110 1177 1236 1256 vestem,
1259 1181 1342 1261 'quai

90 1278 96 1303 ¹
182 1263 294 1330 Cicero
316 1265 411 1329 tedlus
430 1280 504 1342 erat,
527 1265 669 1348 paulatim
692 1267 728 1327 ab
743 1289 794 1328 ore
814 1266 899 1348 ipsius
914 1266 1050 1328 removit.
1096 1263 1285 1328 Servitium
1304 1265 1340 1326 id

182 1351 310 1436 prodigii
323 1351 466 1426 viderent,
489 1352 570 1414 suam
587 1352 735 1434 ignaviam
753 1350 804 1434 ipsi
824 1353 1050 1427 damnaverunt,
1071 1348 1092 1412 li
1110 1350 1207 1414 herilis
1224 1351 1337 1412 caedis

168 1437 355 1522 ¹spectatores
377 1433 431 1500 ess'e
445 1435 626 1513 sustinerent,
648 1459 744 1521 neque
758 1438 849 1518 ipsum
864 1437 1070 1500 defenderent:
1095 1435 1202 1517 partim
1226 1438 1336 1521 igturi

182 1523 332 1608 precibus,
355 1524 460 1606 partim
476 1525 504 1583 vi
521 1521 687 1604 impositum
712 1523 823 1586 tetricae
839 1524 875 1586 ad
890 1545 971 1586 mare
984 1521 1173 1585 detulerunt:
1196 1523 1335 1585 interim

220 1609 357 1674 rcussores
373 1609 515 1672 advenire
529 1609 693 1672 Herennius
708 1607 867 1685 Centurio,
889 1610 919 1672 dt
935 1607 1067 1691 Popilius
1082 1605 1249 1671 Tribunus
1258 1610 1331 1670 mi-

194 1697 281 1774 itum,
305 1715 393 1779 quern
421 1693 567 1777 parricidii
583 1717 666 1756 reum
687 1694 869 1757 defenderat:
894 1695 945 1776 qui
966 1713 1168 1776 necunquam
1189 1715 1235 1772 re,
1262 1715 1330 1757 nec

182 1779 304 1846 verbosi
319 1778 465 1844 Cicerone
482 1778 576 1854 laesus,
599 1781 655 1841 hoc
674 1779 727 1844 fibi
745 1781 864 1845 crudele
877 1779 1039 1844 liberatoris
1057 1781 1099 1843 sui
1119 1778 1328 1844 interficiendi

184 1885 294 1932 munus
308 1865 472 1929 Antonium
489 1879 650 1948 rogaverat.

226 1950 407 2016 Percullores
421 1951 491 2014 crim
507 1951 582 2012 fores
597 1950 707 2014 clausas
727 1949 908 2029 invenissent,
930 1971 978 2014 eas
1000 1949 1202 2036 effregerunt3
1224 1952 1326 2014 crim·

179 2059 244 2122 que
257 2035 369 2100 Cicero
384 2059 444 2099 non
461 2053 619 2118 appareret,
641 2035 670 2100 &
690 2038 720 2113 ii,
742 2039 793 2121 qui
809 2035 890 2101 inttis
906 2053 1001 2113 erant,
1024 2038 1073 2100 ubi
1096 2037 1176 2113 silet,
1197 2035 1275 2100 scire
1296 2037 1327 2100 se

182 2121 345 2207 negrissent,
359 2123 450 2186 fertur
462 2121 648 2204 Philologum
659 2123 818 2206 quemdam
828 2123 936 2208 Quinti
950 2127 1047 2186 fratris
1057 2123 1206 2201 libertum,
1223 2144 1324 2208 quern

182 2209 271 2274 bonis
293 2207 449 2270 artibus&
469 2207 624 2292 disciplinis
639 2209 697 2290 ipse
719 2206 831 2270 Cicero
850 2209 1021 2286 instituerat,
1044 2209 1188 2272 Tribuno
1201 2207 1322 2286 diuise,

182 2295 316 2360 ledlitam
326 2313 378 2376 per
389 2293 536 2380 sylvestres
550 2297 579 2360 dt
593 2315 701 2377 opacas
715 2290 928 2359 ambulationes
943 2298 978 2358 ad
993 2316 1074 2358 mare
1083 2295 1197 2359 deferri.
1236 2294 1322 2358 Tri-

180 2379 278 2448 bunus
292 2379 371 2443 reela
386 2403 436 2461 per
445 2380 558 2447 easdem
573 2402 741 2459 accurrens,
757 2371 937 2445 Ciceronem
952 2379 993 2443 est
1005 2375 1195 2468 allequutus'3
1217 2394 1249 2445 at
1263 2380 1322 2444 ubi

67 2456 75 2479 ’
114 2546 120 2557 ¹
181 2466 268 2534 illum
283 2466 365 2539 vidit,
382 2466 492 2531 Cicero
506 2468 600 2531 servos
614 2469 751 2531 leelicam
767 2468 807 2533 ibi
821 2467 1110 2553 deponerejuffit,&
1124 2484 1241 2551 paratos
1255 2468 1322 2529 for-

181 2554 251 2618 titer
260 2550 468 2624 &¹fidelite'rad
482 2553 698 2629 dimicandum,
711 2554 829 2637 quietos
843 2556 902 2637 pati
913 2554 993 2636 quod
1003 2554 1061 2615 sors
1074 2554 1318 2637 iniquacogeret.

182 2636 268 2741 Ciam
278 2638 400 2702 oblideri
410 2640 438 2701 se
450 2639 570 2703 arrnatis
581 2640 748 2708 hominibus
762 2639 969 2739 circumspexit
985 2660 993 2702 :
1011 2638 1080 2723 Ego
1089 2641 1161 2738 verb
1175 2636 1318 2716 cdnsrsto,

181 2725 351 2875 llllluz‘ss
363 2724 1319 2893 lllll‘slllsslllllsss‘tlffillllfflll'llllfllll

180 2894 338 2997 anopilio.
354 2898 504 2975 praecisum
518 2895 571 2973 est,
587 2897 821 2994 cum-manibus,
842 2897 951 2994 quibus
968 2896 1146 2998 Philippicas
1164 2899 1194 2961 in
1212 2898 1315 2960 Anto-

182 3002 268 3129 ”ll
285 2980 452 3129 stilibi}
487 2979 1244 3143 llllrltllrtllllllllllfflllll
1259 2980 1316 3131 ll:

162 3088 321 3249 *Cuonsuljv
333 3153 381 3215 ubi
397 3090 667 3235 saepepConsularis,
683 3154 733 3216 ubi
747 3152 878 3217 defensor
891 3154 1038 3217 bonorum
1050 3092 1197 3247 optriniurb,
1213 3157 1315 3237 patriae

186 3258 302 3323 parens,
326 3239 571 3315 urbis'liberator,
592 3238 821 3331 &conservator
835 3240 961 3319 civium,
981 3242 1018 3302 ei
1029 3240 1210 3333 eloquentiae
1219 3240 1315 3303 adrni-

183 3314 309 3403 risione,
331 3330 393 3415 qual
406 3322 486 3391 nulla
505 3346 636 3409 unquam
654 3329 749 3418 major
771 3341 838 3398 ante
851 3347 934 3405 eum,
956 3326 1036 3407 nulla
1051 3328 1210 3411 postcum,
1230 3327 1312 3393 audi·

183 3427 234 3478 tus
246 3408 297 3479 est.

976 3534 993 3585 Ι
