2767 4800
63 415 231 564 Ἢιιε
240 407 446 562 ἔὲίηᾷωε
468 409 502 472 ἰιι
519 405 658 474 studiosos
678 402 819 490 poteonae
833 417 1011 487 mmmm,
1031 397 1062 468 dt
1076 397 1210 485 pompeii

68 521 99 564 ¹1¹
187 520 239 564 inv
316 517 331 560 s
394 539 404 560 .

209 676 418 747 ANNUS
450 670 1046 741 URB1sc0ND1TAEooo.

69 800 135 888 (iffi
162 797 203 862 L.
243 793 368 862 Aurelio
396 794 488 872 Otia,
515 791 555 856 L.
577 789 692 856 Manlio
720 789 871 876 Torquato,
893 805 959 855 ante
988 787 1129 880 (irrisam
1157 789 1212 874 64.

381 878 524 944 Ciceronis
540 875 909 967 quodragefmrussccundut.

110 993 176 1061 Hoc
190 1017 277 1060 anuo
290 994 380 1078 plura
391 991 545 1077 contigere
558 989 704 1074 prodigia,
718 1011 789 1074 quae
798 987 924 1054 verfibua
932 985 1079 1070 descripsit
1087 986 1211 1054 cicero.

69 1075 119 1148 Ex
130 1086 259 1165 praetura
274 1083 307 1144 in
323 1079 506 1161 provinciam
520 1075 600 1140 abire
612 1075 708 1139 noluit
719 1100 732 1152 l
747 1075 817 1159 quia
826 1073 858 1138 in
872 1094 984 1139 annum
994 1072 1163 1156 nequem
1171 1073 1211 1138 de

71 1170 223 1233 cannam
239 1165 373 1249 petendo
387 1163 546 1247 cogitabat.
583 1157 760 1226 Cornelium
772 1159 810 1223 de
820 1157 968 1245 majestate
978 1159 1055 1240 apud
1070 1157 1118 1244 Q
1127 1157 1211 1225 Gal.

66 1255 136 1316 lirun
153 1253 328 1318 Praetorern
343 1247 501 1333 quatriduo
522 1241 652 1310 defendit
668 1269 676 1308 ι
699 1245 747 1309 sed
761 1243 878 1310 illarum
890 1245 1062 1311 orationum
1074 1245 1208 1331 teliquiae

63 1338 208 1423 quedam
218 1336 343 1402 tantum
351 1349 453 1400 amnt
465 1331 542 1416 apud
559 1331 734 1400 Asconium.

233 1516 429 1586 annus
460 1479 623 1582 naurs
654 1511 940 1582 CONDITAE
970 1513 1044 1600 nep

73 1636 146 1726 (iffi
176 1635 214 1700 1..
230 1634 310 1726 Jnlin
323 1633 445 1722 Cesum
461 1631 493 1697 C.
509 1631 626 1697 Morio
640 1630 754 1716 Figulo,
768 1644 836 1696 ante
850 1630 993 1720 aristion
1004 1631 1057 1718 63.
1101 1631 1212 1698 Gerra·

440 1719 485 1782 nis
500 1718 723 1807 quadragestmur
736 1717 848 1782 tertius.
1094 1736 1098 1740 ’

121 1831 204 1898 Crini
212 1855 324 1898 annum
333 1829 588 1918 quadragesimum
599 1813 796 1913 tertium,⁴qui
808 1829 967 1897 consuluit
981 1829 1033 1910 est,
1044 1826 1156 1896 Cicero
1163 1845 1212 1896 at.

74 1918 195 2006 tigilliet,
216 1921 401 1985 consulatum
427 1919 548 2000 petivit:
572 1918 603 1981 in
625 1938 686 1999 quo
708 1916 834 1999 petemo
853 1938 925 1982 cum
938 1918 986 1980 serr
1002 1919 1211 2002 competitore·

73 2007 205 2084 baberet,
228 2009 290 2070 uni
313 2025 333 2065 v
372 2026 388 2066 e
409 2001 510 2088 populi
535 2001 664 2066 Romani
687 2002 800 2084 primus
818 1999 931 2066 Consul
946 2004 1136 2068 renunciatus
1157 2003 1210 2068 cll.

72 2089 159 2156 Ciam
187 2105 289 2156 autem
311 2089 343 2152 in
378 2089 417 2152 'ee
441 2089 559 2153 licentia
573 2087 705 2152 ambitio
725 2110 761 2152 au
800 2101 880 2152 retur
900 2101 1016 2170 propter
1029 2091 1210 2173 praecipuam

75 2175 217 2240 Catilina:
234 2175 403 2240 &Antonii
418 2175 587 2251 audaciam,
604 2174 754 2238 censuerat
807 2189 905 2252 natus,
928 2188 961 2235 ut
975 2175 1011 2236 ad
1031 2174 1058 2238 le
1079 2199 1127 2240 em
1142 2197 1210 2239 am-

73 2263 158 2325 bitus
180 2282 276 2342 poena
290 2261 406 2344 gravior
424 2258 584 2323 adderetur.
624 2257 686 2320 Cui
702 2261 744 2322 rei
763 2257 834 2322 crim
851 2258 899 2342 Q
911 2255 1039 2322 Mucius
1053 2197 1210 2326 &restinta

75 2347 237 2411 Tribunus
252 2345 344 2429 plebia
358 2342 559 2421 intercellillet,
573 2345 700 2431 graviter
716 2343 826 2408 Senatu
840 2344 1070 2409 intercessionem
1085 2347 1209 2421 serente,

76 2434 187 2498 (Incero
200 2433 337 2509 surrexit,
351 2447 441 2517 atque
457 2434 485 2495 in
502 2432 662 2495 coitionem
673 2429 815 2493 Catilinae
826 2429 856 2495 δι
869 2432 991 2495 Antonii
1006 2430 1141 2501 inuedius
1154 2431 1210 2509 est,

77 2520 176 2583 habita·
187 2519 220 2581 in
230 2518 362 2581 oratione
374 2518 405 2581 in
420 2521 491 2603 togri
502 2516 635 2591 candida,
657 2520 718 2599 qui
728 2516 884 2579 utebantur
894 2517 946 2601 qui
960 2516 1145 2601 magistratus
1157 2538 1211 2599 pe-

79 2606 187 2667 tebant.
234 2600 304 2667 Hoc
318 2602 423 2667 eodem
447 2624 526 2665 anno
546 2600 592 2685 Q
611 2600 749 2665 Gallium
772 2601 809 2663 dc
832 2601 946 2665 ambitu
962 2602 1105 2679 defendit,
1129 2602 1210 2689 quod

16 2722 17 2775 p
78 2688 221 2753 Praeturae
236 2689 408 2753 candidatus
421 2687 616 2773 gladiatorum
632 2706 742 2751 munus
754 2684 880 2751 dedisset.

236 2834 430 2900 nunus
462 2820 627 2901 uanis
659 2832 949 2906 CONDITAE'
975 2836 1047 2924 ⁶90.

84 2950 147 3041 Crffi
162 2950 217 3016 M.
241 2949 335 3018 Tullio
357 2951 497 3030 (iterant,
523 2952 555 3017 C.
579 2952 794 3032 Antoninian
816 2952 1028 3043 Onrislumba.
1073 2953 1211 3027 Ciceronis

467 3038 687 3125 quadragesimus
702 3054 830 3123 quinus.

120 3148 205 3214 Ciam
213 3148 286 3213 Kal.
301 3145 448 3232 Januariio
459 3151 495 3212 de
509 3172 591 3215 more
611 3148 805 3213 Consulatum
820 3149 931 3214 Cicero
944 3148 1062 3225 iniill'et,
1076 3151 1150 3212 vidit
1163 3152 1212 3213 ni.

83 3236 119 3298 bil
132 3234 189 3299 elle
205 3235 288 3310 mali,
302 3236 382 3316 quod
398 3258 457 3299 non
472 3236 541 3299 boni
558 3250 734 3311 metuerent,
748 3237 778 3298 δι
792 3238 916 3318 improbi
925 3236 1129 3317 exspectarent.
1163 3235 1213 3301 Eo

84 3322 159 3384 mim
173 3336 305 3400 tempore
318 3319 411 3385 multa
425 3320 509 3383 multi
526 3322 734 3396 moliebantur,
755 3322 835 3384 acin
855 3324 956 3405 primic
971 3321 1104 3385 Tribuni
1118 3320 1212 3403 plebia

86 3406 219 3470 Antonio
239 3406 316 3483 freti,
337 3407 562 3487 proscriptorum
577 3406 593 3469 d
610 3404 690 3492 sylla
705 3406 823 3482 liberos,
844 3410 896 3489 qui
912 3408 1052 3490 petitione
1066 3408 1213 3472 honorum

19 3502 20 3507 ’
84 3492 183 3571 privati
194 3506 290 3565 erant,
311 3492 346 3553 ad
372 3490 557 3575 magistratus
571 3492 765 3557 adducebant.
809 3491 918 3557 Rullus
937 3493 1031 3576 legem
1047 3494 1159 3555 screbat
1176 3496 1213 3557 de
1341 3539 1346 3550 .

86 3578 158 3661 agris
172 3598 225 3660 per
236 3575 353 3640 ltaliam
365 3576 548 3641 dividendis:
572 3576 722 3641 Labienus
734 3592 839 3641 contra
854 3576 1010 3642 Rabirium
1021 3578 1135 3640 tabulas
1142 3599 1212 3658 pro-

86 3664 207 3742 ponebat
219 3690 229 3728 r
251 3662 398 3725 tumultus
410 3664 440 3726 in
452 3662 588 3726 Theatro
601 3681 705 3727 contra
720 3662 877 3729 Othonem
892 3668 921 3730 br
936 3664 1053 3747 equites
1062 3664 1212 3727 excitaba-

87 3766 139 3824 tur,
159 3749 267 3832 quibus
282 3747 342 3811 lna
356 3748 383 3811 le
435 3748 478 3812 sao
491 3764 563 3825 erat,
584 3766 618 3813 ut
631 3752 663 3812 in
677 3750 903 3831 quatuordecim·
910 3751 1047 3833 gradibus
1059 3750 1088 3814 in
1106 3748 1212 3813 Thea-

89 3850 128 3897 no
140 3834 269 3899 sederent
284 3853 291 3896 :
318 3831 388 3897 Can
403 3834 450 3895 ina
462 3834 499 3896 de
512 3836 669 3898 evertendi
684 3832 801 3917 Repub.
815 3835 973 3918 cogitabat.
1018 3837 1062 3899 At
1081 3838 1126 3899 his
1143 3860 1213 3899 om·

21 3922 22 3929 ’
92 3921 163 3985 ribus
177 3937 240 3985 tum
258 3919 335 3982 miri
350 3918 442 3981 animi
456 3920 637 3995 fortitudine,
659 3935 725 3981 tum
741 3920 903 3983 admirabili
918 3921 1087 4004 eloquentii
1098 3921 1214 3985 Cicero

92 4010 214 4074 occurrit.
239 4006 325 4072 Nam
339 4003 505 4068 Antonium
518 4006 658 4087 patientli
675 4004 854 4089 &obsequio
864 4008 1023 4091 mitigavit,
1038 4010 1126 4091 eique
1140 4005 1213 4088 Ma·

90 4093 240 4171 codonium,
256 4110 353 4177 quam
364 4090 481 4151 sortitus
494 4108 568 4167 erat,
581 4092 764 4172 provinciam
776 4091 892 4168 detulit,
902 4094 1015 4176 sibique
1025 4092 1159 4156 Galliam
1168 4092 1217 4168 ps.

91 4180 199 4265 sunpfit,
215 4200 288 4264 quae
302 4175 441 4249 Antonio
455 4176 629 4241 obvenerat:
653 4177 880 4257 proscriptorum
894 4178 1000 4241 liberos
1009 4180 1066 4241 suis
1079 4178 1215 4243 inimici.

88 4268 134 4349 ds,
146 4269 225 4335 malla
238 4262 374 4329 Senatus
389 4258 467 4325 mala
481 4262 588 4350 gratia,
604 4260 824 4351 magistratuum
837 4266 949 4332 bonore
962 4264 1170 4411 privatinffne,
1192 4266 1214 4329 si

1024 4368 1099 4437 capt
1121 4370 1216 4429 crent,
1259 4360 1266 4387 ‘
