2767 4800
397 137 921 220 nvAMlCITIA.
1150 161 1219 246 333

57 285 223 352 homines
242 284 421 370 suspicentur
434 289 547 354 videtis.
572 290 641 353 Hoc
652 305 752 355 tamen
768 291 833 354 veri·
847 291 917 353 licet
930 289 1036 366 dicere,
1053 289 1087 353 P.
1102 289 1169 354 Sci·

56 375 170 455 pioni,
196 397 247 437 ex
265 375 366 438 multis
380 377 492 450 diebus,
513 397 587 458 quos
611 378 640 439 in
655 356 717 438 vital
732 376 935 438 celeberrimos
956 377 1170 459 letillimosque
1231 408 1238 416 ·

58 458 199 536 viderit,
229 459 316 523 illum
339 461 415 524 diem
431 462 618 524 clarill'tmum
632 460 727 538 fuisse,
750 483 823 544 quo,
846 461 954 523 Senatu
967 462 1090 536 dimillb,
1112 464 1167 524 do-

59 563 162 605 mum
194 545 341 608 redudus
362 547 397 608 ad
412 545 560 632 vesperum
583 545 624 610 est
638 547 655 609 ὲ
671 545 805 609 Patribus
821 545 1014 628 Conscripris,
1037 548 1054 610 a
1077 547 1107 610 P.
1124 549 1163 613 R.
1171 557 1230 626 30'
1266 602 1270 614 .

58 625 177 690 sociis.
192 631 230 693 St
258 629 384 708 Latinis,
408 629 501 712 pridie
524 631 615 714 quim
635 633 751 693 excessit
774 633 882 695 ivitd:
909 647 942 694 ut
966 655 1003 695 ex
1022 649 1081 696 tam
1106 633 1166 696 alto

61 713 245 796 dignitatis
260 717 351 799 gradu
366 717 400 777 ad
416 719 530 796 simeros
546 717 675 778 videatur
689 715 772 780 Deos
782 715 891 797 potitis,
905 719 993 798 quim
1010 719 1044 780 ad
1059 719 1174 782 inferos
1193 715 1198 726 ’

62 800 266 880 persenilis:
289 823 385 884 neque
400 805 478 863 enim
492 801 627 863 assentior
641 804 687 876 iis,
709 803 759 884 qui
771 803 835 864 haec
850 802 1084 884 nuperdilserere
1098 825 1166 865 coe-

63 902 203 966 perunt,
221 909 294 948 curn
310 889 479 970 corporibus
493 886 577 950 simul
592 889 707 950 animos
719 887 850 966 interire,
862 895 950 968 atque
962 891 1061 952 omnia
1074 907 1168 952 morte

64 969 182 1032 deleri.
1170 985 1211 1060 35

117 1053 186 1118 lV.
205 1053 289 1136 ,Plus
304 1056 385 1138 apud
393 1078 442 1118 me
456 1058 644 1140 antiquorum
659 1057 817 1120 audioritas
832 1057 919 1134 valet,
941 1057 986 1122 vel
1000 1057 1165 1122 nostrorum

65 1143 249 1226 majorum,
281 1143 312 1202 ui.
322 1143 446 1204 mortuis
462 1144 521 1203 tim
535 1142 664 1226 religiosa
673 1144 740 1227 jura
752 1144 914 1207 tribuerunt
926 1171 934 1220 3
958 1143 1036 1228 quod
1049 1165 1109 1207 uon
1120 1145 1165 1206 se-

66 1227 187 1290 cissent
202 1165 349 1308 proiesio,
365 1227 386 1289 st
401 1226 471 1289 nihil
481 1229 515 1288 ad
529 1248 578 1290 eos
594 1229 734 1309 pertinere
746 1229 967 1291 arbitrarentur:
991 1229 1035 1290 vel
1050 1251 1165 1306 eorum,

68 1313 126 1394 qui
144 1313 180 1375 in
198 1315 258 1374 hac
274 1328 348 1374 terra
362 1313 490 1388 suerunt,
513 1335 712 1396 magnamque
727 1309 892 1391 Graeciam,
917 1337 985 1398 quae
997 1335 1080 1379 nunc
1094 1318 1163 1397 qui-

66 1401 143 1460 dem
155 1397 318 1471 deletaesl,
335 1416 396 1459 tum
410 1398 541 1473 florebat,
556 1395 692 1459 institutis
705 1399 895 1480 &praeceptis
910 1401 964 1462 suis
976 1401 1162 1464 erudierunt:
1189 1411 1209 1480 5
1247 1427 1264 1438 “

71 1483 120 1546 vel
137 1484 287 1568 ejus‚qui
301 1483 447 1562 Apollinis
458 1483 579 1544 oraculo
593 1483 808 1561 sapientilitmus
820 1485 1025 1570 dijudicatus,
1040 1486 1164 1566 quinon

70 1569 144 1642 tiam
162 1571 238 1643 hoc,
254 1569 318 1631 tum
333 1567 414 1644 illud,
429 1585 460 1629 ut
474 1571 504 1631 in
516 1567 667 1653 plerisque,
684 1568 728 1630 sed
744 1568 821 1632 idem
836 1569 949 1632 dicebat
963 1571 1081 1650 semper,
1095 1573 1162 1633 ani-

72 1674 145 1716 mos
161 1655 325 1716 hominum
339 1651 395 1714 elle
409 1653 535 1727 divinoS,
551 1651 650 1734 iisque,
664 1651 734 1714 crim
750 1653 767 1716 ὲ
779 1675 900 1736 corpore
913 1655 1098 1731 excellilsent,
1115 1680 1162 1717 re-

72 1738 178 1800 ditum
197 1741 229 1801 in
244 1739 356 1800 coelum
374 1754 474 1819 patere,
483 1737 655 1818 optimoque
669 1736 860 1822 &justissimo
874 1741 1163 1824 cuiqueexpeditilst·

74 1845 167 1885 mum
184 1853 195 1899 3
221 1823 299 1907 quod
314 1824 384 1884 item
401 1823 528 1904 Scipioni
548 1824 707 1898 videbatur,
731 1827 781 1906 qui
802 1825 918 1906 quidem
934 1826 1010 1909 quali
1025 1827 1209 1908 prasagi-to

77 1925 136 1985 ret,
161 1909 317 1990 perpaucis
331 1923 398 1970 ante
407 1908 655 1983 mortemdiebus,
671 1909 741 1969 clun
759 1907 787 1969 tlt
803 1907 901 1971 l'hilus
917 1913 944 1974 δι
963 1909 1094 1973 Manlius
1109 1914 1162 1972 ad-

74 1993 188 2070 cllent,
212 1995 302 2057 &alii
318 1993 425 2074 plures,
439 2009 530 2076 tuque
547 1995 647 2068 etiam,
665 1991 808 2069 Scaevola,
832 2015 948 2058 mecum
964 1995 1095 2071 venill'es,
1107 1999 1160 2058 tri-

78 2079 175 2142 duum
188 2073 317 2142 dill'eruit
328 2078 362 2141 de
375 2078 542 2158 republica:
566 2081 650 2164 cujus
664 2079 861 2158 disputationis
873 2081 929 2142 suit
938 2096 1102 2142 extremuni
1116 2083 1130 2142 s
1145 2121 1160 2134 -

77 2163 111 2225 re
133 2165 173 2226 de
194 2163 413 2227 immortalitate
435 2166 619 2226 animorum:
643 2185 707 2246 quae
731 2163 805 2224 sein
824 2167 919 2248 quiete
938 2177 991 2247 per¹
1004 2167 1095 2228 visum
1122 2189 1160 2229 ex

80 2250 233 2312 Africano
241 2247 345 2310 audisse
359 2244 483 2310 dicebat.
528 2247 560 2311 ld
577 2246 596 2309 st
612 2249 651 2309 ita
664 2247 717 2323 est,
733 2263 765 2309 ut
779 2251 879 2328 optimi
895 2247 1030 2334 cuiusque
1044 2254 1205 2335 animuslff
1267 2255 1270 2261 ’

80 2333 111 2394 in
126 2351 228 2397 morte
247 2332 384 2396 facillime
398 2335 492 2396 evolet
506 2344 645 2417 tanquam·
667 2332 828 2395 ecullodii
852 2327 1030 2420 vinculisque
1053 2359 1159 2418 corpo-

80 2420 135 2495 ris,
159 2423 210 2482 cui
231 2421 381 2482 censemus
402 2420 516 2481 cursum
534 2418 569 2479 ad
586 2417 668 2480 Deos
683 2418 841 2495 faciliorem
864 2420 957 2494 soille,
981 2421 1066 2505 quim
1091 2421 1159 2484 Sei-

80 2506 164 2584 pioni
180 2504 192 2568 ?
216 2508 355 2590 quocirca
365 2526 488 2574 moercre
499 2505 555 2565 hoc
566 2507 628 2584 ejus
638 2518 756 2577 eventu,
772 2524 883 2580 vereor,
899 2524 934 2565 ne
949 2508 1037 2581 invidi
1054 2508 1160 2589 magis,

81 2590 176 2671 quam
192 2592 279 2653 amici
295 2589 337 2651 sit.
385 2589 437 2652 Sin
452 2605 548 2651 autem
563 2588 611 2649 illa
625 2580 749 2661 veriora,
763 2604 795 2650 ut
810 2590 886 2651 idem
900 2592 1033 2652 interitus
1045 2591 1078 2652 sit
1093 2595 1157 2653 ani-
1253 2598 1257 2605 '

82 2696 202 2738 morum
222 2675 251 2738 dt
266 2696 435 2756 corporum,
458 2695 512 2737 nec
529 2674 603 2735 ullus
620 2673 718 2733 sensus
738 2688 871 2747 maneat3
895 2690 929 2735 ut
944 2676 1013 2736 nihil
1033 2678 1100 2738 boni
1116 2675 1206 2741 esttd

81 2759 113 2823 in
129 2775 237 2843 morte,
260 2758 299 2822 stc
314 2759 392 2821 certe
407 2760 478 2821 niliil
500 2759 566 2820 mali
581 2785 589 2834 ;
613 2758 691 2819 sensu
707 2760 785 2819 onim
797 2756 907 2834 arnilso,
923 2756 957 2822 lit
972 2762 1060 2835 idern,
1077 2760 1158 2845 quast

82 2859 172 2907 natus
185 2868 246 2907 non
261 2844 329 2909 esset
343 2845 486 2907 omnino:
509 2866 599 2928 quem
615 2859 711 2903 tamen
734 2842 789 2905 elle
806 2858 905 2911 uatum
928 2846 956 2905 lit
976 2867 1029 2908 nos
1044 2850 1158 2929 gaude-

83 2949 164 3007 mus,
186 2931 217 2993 &
241 2931 305 2993 haec
321 2931 422 2993 civitas
437 2930 507 2991 dum
522 2930 578 2991 erit
593 2930 747 2991 laetabitur.
794 2929 996 3011 Qtarnobrem
1019 2954 1089 2992 curn
1107 2932 1157 2994 illo

83 3016 218 3095 quidem,
240 3033 274 3078 ut
290 3016 370 3097 supra
384 3016 457 3092 dixi,
473 3014 570 3099 adium
580 3015 690 3095 optime
701 3012 764 3091 esl3
789 3034 906 3077 mecum
920 3018 1133 3078 incommodius
1145 3036 1154 3078 t

83 3114 172 3180 quem
188 3102 280 3183 suerat
296 3102 423 3185 aequius,
444 3116 477 3161 ut
492 3099 573 3181 priris
586 3100 763 3174 introierim,
786 3098 824 3163 fic
839 3104 916 3181 prius
930 3102 1008 3162 exire
1023 3103 1058 3163 de
1074 3104 1130 3163 vita
1144 3116 1204 3185 :25

81 3184 127 3247 sed
142 3202 242 3255 tamen
258 3186 459 3249 recordatione
470 3184 574 3247 nostrae
587 3184 737 3261 amicitiae,
753 3182 790 3247 sic
802 3186 892 3259 fruor,
915 3202 947 3246 ut
961 3184 1043 3249 beate
1058 3186 1156 3249 vixisse

83 3270 190 3348 videar,
203 3274 274 3353 quia
287 3292 357 3333 cum
373 3268 510 3352 Scipione
522 3272 662 3338 vixerim:
687 3290 819 3351 quocum
830 3270 900 3331 milri
914 3272 1071 3355 conjuntla
1085 3292 1156 3334 cura

82 3354 117 3436 de
132 3378 161 3418 re
177 3358 294 3439 publicai
308 3356 337 3419 dv
351 3356 387 3418 de
402 3356 588 3437 privatasuit,
603 3376 734 3437 quocum
749 3356 775 3418 st
790 3356 895 3417 domus
910 3356 1057 3445 &militia
1068 3376 1154 3419 coin·
1183 3399 1186 3407 ·

85 3444 183 3503 munis
192 3471 210 3519 3,
225 3440 254 3503 dc
269 3444 310 3519 id,
332 3443 362 3505 in
376 3464 437 3526 quo
450 3440 492 3503 est
508 3442 606 3503 omnis
621 3442 664 3501 vis
681 3442 831 3517 amicitie,
853 3440 1052 3517 voluntatum,
1063 3442 1154 3505 fludi-

83 3546 179 3602 orum,
201 3528 405 3590 sententiarum
426 3528 537 3589 summa
552 3524 708 3588 consensio.
751 3523 854 3611 Itaque
873 3526 1008 3589 nontam
1031 3526 1083 3589 ista
1107 3550 1153 3589 me
1161 3546 1201 3616 30

84 3608 240 3691 sapientiae,
251 3634 343 3695 quam
353 3611 441 3675 modo
451 3610 581 3673 Fannius
588 3613 844 3685 commemoravit,
856 3612 932 3672 sunia
943 3612 1076 3690 deleniat,
1087 3614 1154 3675 salsa

83 3698 249 3775 praesertim,
263 3699 353 3781 quim
367 3697 448 3781 quod
457 3697 596 3759 amicitie
610 3694 716 3759 nostrae
729 3696 899 3759 memoriam
910 3695 990 3775 {peto
1002 3698 1168 3783 sempiter-¹

82 3775 155 3845 'nam'
166 3784 226 3847 sore
239 3811 248 3861 3
262 3785 360 3868 'idque
374 3783 446 3846 mihi
455 3784 492 3845 co
504 3783 596 3866 magis
610 3780 651 3842 est
663 3782 755 3855 cordi,
771 3782 847 3863 quod
859 3804 896 3842 er
909 3784 1045 3845 omnibus
1058 3786 1153 3847 saecu·

84 3862 117 3927 lis
132 3867 181 3931 vix
196 3863 249 3931 t'ria
263 3888 315 3934 aut
328 3886 454 3953 quatuor
469 3870 656 3929 nominantur
672 3868 749 3945 paria
764 3868 945 3929 amicorum:
969 3888 1030 3949 quo
1051 3871 1082 3931 in
1098 3890 1152 3957 ge-

86 3970 151 4014 nere
163 3954 271 4035 sperare
286 3956 386 4017 videor
400 3947 589 4035 Scipionis&
610 3949 697 4015 Laelii
712 3954 869 4015 amicitiam
886 3970 985 4015 notam
1001 3952 1147 4035 posterita·
1160 3974 1201 4047 33

86 4036 107 4096 ti
120 4036 190 4113 sore,
234 4040 325 4103 Fann.
369 4038 449 4105 Istud
464 4039 597 4121 quidem,
619 4034 707 4115 Laeli,
731 4038 771 4101 ita
790 4035 922 4113 necesse:¹
946 4038 1152 4127 sedquoniam

84 4123 220 4191 tmicitiae
236 4127 416 4192 mentionem
434 4123 543 4204 fecisti,
560 4120 701 4186 &sumus
716 4119 811 4201 otiosi,
833 4140 1001 4209 pergratum
1023 4128 1094 4191 mihi
1108 4122 1154 4191 sv-
1246 4180 1248 4185 ,

332 4221 336 4225 Α
583 4206 616 4277 N
632 4230 653 4273 ss
674 4226 692 4273 2
1068 4212 1156 4289 (Μὴ,

796 4316 802 4339 Ι
