2767 4800
253 245 983 346 onnrrorro'trcoeuro.
1060 291 1186 370 ,235

52 415 112 492 xit,
125 415 230 478 eodem
244 413 272 478 se
285 415 478 480 conscientie
491 413 600 478 scelere
615 413 760 477 devinxit.
796 411 911 477 Tu-ne
924 435 1028 478 aumm
1041 433 1081 476 ex
1090 433 1139 476 ar·

52 505 149 564 mario
163 517 218 564 tuo
231 521 365 584 promere
380 501 446 561 ausa
463 499 513 562 eei
537 519 626 564 tu-ne
638 499 788 562 Venerem
800 500 881 564 illam
894 517 977 563 tuam
992 501 1139 583 spoliatri-

54 609 120 650 cem
133 587 254 668 spoliare
266 583 476 648 ornamentis?
499 585 641 650 caetertim
657 587 726 649 etim
737 588 835 661 scires,
849 601 995 668 quantum
1012 590 1048 649 ad
1063 587 1186 670 saci-13

53 695 113 734 nus
127 689 233 734 aurum
246 673 305 732 boe
321 690 516 752 quaereretur,
530 669 565 732 ad
582 691 686 734 necem
701 673 815 736 seilicet
831 673 934 760 iegati,
949 674 985 733 ad
996 669 1035 736 L.
1052 672 1138 740 Luc.

57 760 122 833 eeii,
139 757 303 826 sandiiffimi
321 759 452 819 bominis
467 773 557 838 atque
574 757 772 840 integerrimi,
787 757 884 817 labem
901 757 1016 822 sceleris
1030 759 1138 846 sempi.

56 845 129 913 terni
138 867 148 917 3
177 844 248 912 burc
264 843 389 904 facinori
403 855 489 904 tanto
504 859 557 903 rua
574 862 658 904 mene
672 843 798 906 liberalis
809 845 939 918 conseia,
963 861 1015 906 tua
1030 847 1138 916 domur

56 930 202 1010 popularis
217 925 364 1001 ministra,
384 942 433 988 tua
449 927 579 1008 denique
593 927 745 1008 bospiralis
758 927 927 992 illaVenue
938 930 1066 1014 adjutrix
1079 935 1137 999 esse

58 1035 115 1083 noa
131 1013 243 1076 debuit.
284 1011 370 1075 Vidit
386 1015 443 1074 boc
459 1011 588 1074 Balbus:
614 1013 773 1096 [facinoris
792 1012 931 1096 tanturn]
943 1018 1068 1080 celatam
1081 1020 1185 1087 elicto

59 1097 195 1162 Clodiam
208 1097 295 1173 dixit,
307 1112 398 1180 atque
409 1099 449 1158 ira
460 1095 598 1160 Coelium
608 1097 643 1158 ad
654 1101 733 1160 illam
745 1097 884 1174 attulisse,
895 1101 942 1163 sed
952 1103 1139 1172 adornatum

58 1183 194 1248 ludorum
211 1205 317 1246 aurum
333 1203 478 1266 quaerere.
524 1181 554 1246 Si
578 1183 639 1246 tim
655 1185 809 1246 familiaris
823 1203 888 1247 erat
900 1183 1029 1262 Clodia,
1045 1191 1139 1271 quim

59 1269 225 1344 messenia,
245 1269 317 1340 euin
332 1269 371 1330 de
383 1269 505 1331 libidine
518 1270 581 1353 ejus
596 1284 657 1330 tam
673 1272 767 1332 multa
782 1271 877 1345 dicis;
900 1273 975 1334 dixit
989 1276 1138 1358 proferto,

61 1359 117 1438 quir
133 1355 221 1418 veliet
234 1377 360 1417 aurum:
383 1353 405 1416 sr
420 1369 479 1414 tarn
493 1353 645 1418 familiaris
660 1369 810 1430 nouerat,
834 1377 895 1417 non
908 1359 999 1420 dedit.
1035 1360 1093 1438 lta,
1115 1363 1136 1427 fi

59 1441 156 1504 renim
173 1441 226 1508 tibi
242 1439 364 1502 Coelius
378 1441 465 1514 dixit,
487 1441 718 1502 &immoderata
730 1440 849 1516 mulier,
875 1443 968 1506 sciens
983 1461 1015 1506 tu
1029 1457 1183 1524 autumas

60 1533 92 1586 ad
103 1527 217 1590 sacinut
228 1525 350 1588 dedisti:
373 1525 393 1588 st
407 1546 467 1588 non
480 1523 521 1585 est
534 1525 620 1588 ausus
631 1522 742 1601 diceie,
756 1545 817 1588 non
830 1526 945 1591 dedisti.
982 1529 1065 1610 Qrid
1079 1557 1139 1620 ego

61 1633 138 1674 nunc
147 1613 334 1696 argumentis
348 1611 419 1680 huic
432 1610 564 1675 crimini.
576 1611 646 1692 quae
658 1611 727 1673 sunt
739 1613 979 1690 innumerabilia,
990 1615 1138 1682 resistam?

61 1697 167 1777 possum
183 1699 295 1770 dicere,
311 1717 407 1758 mores
423 1693 471 1756 M.
484 1693 578 1758 Coeiii
597 1695 764 1780 longissime
777 1697 795 1757 d
810 1699 885 1759 tanti
899 1699 1015 1762 sceleris
1026 1707 1140 1768 atroci-

61 1797 115 1845 tate
128 1781 185 1845 esl'e
198 1783 364 1868 disjuniios
379 1804 386 1841 τ
410 1781 534 1844 minimi
549 1779 605 1843 eise
619 1783 815 1859 eredendum,
842 1783 958 1846 bomini
973 1802 1034 1849 tarn
1051 1791 1138 1876 inge·

60 1869 136 1930 uioso
158 1885 285 1950 tamque
305 1866 443 1950 prudenti
459 1887 520 1928 non
538 1863 689 1929 venissem
707 1882 851 1944 mentem,
878 1891 939 1931 rem
956 1875 1031 1936 tanti
1045 1876 1186 1955 secie-30

58 1955 91 2021 ris
106 1955 219 2016 innotis
241 1951 401 2034 alienisque
416 1953 505 2014 servis
530 1974 592 2015 non
613 1950 667 2012 esse
681 1954 870 2016 credendam.
915 1954 1032 2020 Polsum
1047 1962 1137 2026 etiam

59 2005 148 2114 iliad
161 2057 342 2101 caeterorum
355 2055 549 2123 patronorum
562 2037 592 2099 dc
601 2042 669 2100 meri
678 2041 906 2114 consuetudine,
918 2047 956 2104 ab
967 2047 1141 2112 accusatore

58 2125 233 2204 perquirere,
249 2125 300 2186 ubi
313 2120 348 2185 srt
362 2119 532 2206 congressus
548 2143 618 2184 cum
634 2125 721 2187 servis
743 2119 867 2187 Lucceii
882 2125 1017 2192 Coelius:
1044 2131 1097 2216 qui
1110 2133 1139 2197 ei

58 2211 140 2274 suerit
151 2211 271 2282 aditus;
294 2207 312 2270 fi
331 2211 436 2290 perse,
452 2213 512 2294 ‘lli
527 2209 714 2271 temeritate?
737 2208 756 2271 st
773 2231 824 2294 per
837 2211 941 2287 alium,
958 2219 1138 2301 perquem?

58 2295 166 2376 postiam
180 2315 287 2358 omnes
298 2296 424 2357 latebrae
436 2295 633 2375 suspicionum
645 2297 951 2379 peragraredicendo:
967 2304 1187 2384 noncausa,35

60 2403 116 2445 non
127 2381 230 2457 locus,
246 2404 307 2443 nun
324 2382 462 2457 facultas,
482 2403 543 2445 non
555 2382 706 2459 conscius,
729 2404 790 2445 non
808 2381 991 2465 perficiendi,
1006 2412 1069 2453 non
1084 2403 1139 2455 oc.

60 2468 192 2531 cultandi
209 2464 348 2529 maleficii
360 2467 433 2549 spes,
456 2487 516 2528 non
530 2468 608 2529 ratio
622 2464 695 2542 ulla,
710 2488 772 2531 non
785 2466 940 2554 uestigium
956 2476 1079 2537 maximi
1093 2468 1147 2540 sa-'·

60 2554 165 2617 rinotis
177 2554 349 2634 reperietur.
389 2550 444 2613 Sed
457 2552 535 2627 haee,
546 2571 620 2633 'quae
632 2554 699 2617 sunt
711 2556 835 2615 oratoris
851 2560 979 2638 propria,
996 2566 1065 2636 qur'e
1081 2563 1140 2625 mi-

61 2637 86 2701 bi
101 2660 163 2699 non
181 2654 303 2719 propter
314 2639 468 2721 ingenium
483 2658 596 2711 meum,
614 2637 660 2700 sed
676 2658 794 2721 propter
804 2642 881 2700 bane
895 2646 1139 2711 exercitationem

61 2725 202 2805 usumque
213 2724 346 2798 dicendi,
363 2724 492 2785 frustum
505 2722 632 2801 aliquem
644 2726 721 2787 serre
738 2722 907 2805 potuissent,
918 2728 1015 2791 eumd
1029 2754 1076 2795 me
1091 2735 1189 2817 ip240

60 2809 234 2889 inlaborata
249 2808 372 2889 pruserri
392 2810 574 2886 viderentur,
591 2810 742 2873 brevitatis
764 2813 856 2873 causi
871 2813 1010 2895 relinquo
1024 2822 1138 2883 omnia.

60 2884 163 2957 Habeo
174 2895 270 2967 enirn,
283 2891 418 2973 judicer,
436 2913 525 2976 quem
541 2912 593 2957 uos
606 2894 717 2956 loeium
728 2893 829 2957 resirae
843 2898 1141 2989 religionisjurisque

56 2981 171 3077 jurandi
187 2977 275 3041 sacili
290 2976 345 3041 esse
370 2980 537 3059 patiemini,
560 2978 597 3041 L.
614 2972 794 3057 Lucceium,
818 2982 1024 3049 sandiiffimum
1040 2990 1141 3053 borni.

61 3086 138 3141 nem,
161 3064 191 3127 dr
214 3064 415 3149 gracillimum
435 3062 561 3125 tesiem:
586 3068 638 3147 qui
656 3083 771 3127 tantum
792 3066 908 3131 facinus
923 3070 954 3133 in
970 3074 1079 3138 sarnam
1094 3092 1142 3139 at·

62 3170 116 3229 que
138 3152 276 3214 fortunas
298 3152 361 3211 suae
385 3170 484 3232 neque
507 3170 569 3213 non
590 3149 710 3213 audiiset
727 3152 842 3215 iilaturn
865 3158 882 3216 a
904 3151 1022 3235 Coeiio,
1044 3167 1188 3243 neque45
1273 3170 1277 3178 '

61 3233 237 3319 neglexisset,
260 3256 360 3317 neque
375 3234 501 3307 tulisset.
546 3238 597 3297 An
614 3234 664 3297 ille
677 3238 735 3313 vir,
755 3237 807 3300 illei
830 3242 1016 3304 humanitate
1030 3250 1141 3323 predi.

62 3338 117 3398 tua,
136 3320 196 3384 illie
217 3318 333 3396 studiis,
355 3320 467 3385 artibus
487 3336 577 3404 atque
591 3321 730 3387 doetrina
744 3323 826 3387 illiue
847 3323 937 3408 ipsius
958 3329 1141 3415 periculum,

92 3532 138 3581 tq..
153 3520 252 3567 varra
267 3501 360 3584 'rrraeq
394 3516 469 3583 morra
490 3518 579 3567 unua·
611 3517 780 3583 preturium.
1121 3564 1123 3568 .

62 3597 118 3632 erum
136 3585 232 3634 Veneria
251 3599 342 3633 aureum
361 3582 439 3631 labere
459 3582 579 3641 dicebatur,
644 3584 1140 3651 20.Vrduroelralbn.]llarbieexinmlun
1198 3592 1203 3599 ⁴

63 3664 121 3709 quam
131 3660 156 3699 ut
165 3650 283 3707 murz,
299 3652 321 3697 le
330 3647 442 3711 impudica¹
451 3650 530 3695 mulier
541 3664 579 3697 co-
612 3650 702 3697 allatum
713 3650 904 3699 abactusatoribur
914 3652 1002 3704 irrinun
1012 3657 1074 3706 iacit.

64 3714 123 3762 lebat.
645 3728 685 3773 ²4·
705 3714 753 3779 Qui
761 3714 850 3781 aaran]
869 3718 975 3779 laquem
987 3723 1051 3769 usum
1059 3738 1140 3775 mrum

91 3778 121 3825 ib.
138 3774 304 3845 Μυσίαι]
332 3774 484 3839 spoliatricem
506 3776 579 3839 appe]-
611 3778 665 3827 iliud
676 3776 787 3829 insumere
797 3781 870 3838 vellet,
880 3782 1055 3834 cotinentiae
1064 3790 1130 3837 dixit.

65 3841 98 3897 itt,
111 3844 159 3905 quia
169 3844 444 3892 Venetiseuxiliomultoe
455 3842 579 3889 aaoleseen-
646 3858 684 3905 33.
705 3842 783 3907 Ubistr
795 3846 932 3923 congressio]
957 3850 1140 3908 laetititomm

64 3916 93 3951 ter
101 3908 226 3969 patrimonio
235 3906 314 3957 clodia
323 3904 451 3969 spoliaverat.
612 3907 784 3957 circumlirnurr
796 3920 846 3955 tum
855 3926 869 3956 a
879 3914 926 3959 loeo
936 3913 1053 3978 precipui,
1071 3923 1094 3965 ,tc
1104 3918 1139 3966 fa.

96 3987 128 4031 ις.
152 3970 289 4039 Papiriano]
319 3970 423 4033 Populare
444 3970 523 4017 dicitur
544 3972 579 4025 vel
613 3974 704 4029 curun,
721 3972 1010 4039 desalseesi'edtrmuni'cne5
1023 3996 1074 4044 qua
1085 3985 1140 4032 ες.
1196 3974 1201 3984 ’

64 4038 111 4097 qual
125 4052 243 4085 commune
254 4037 285 4083 est
296 4032 308 4082 d
321 4034 408 4098 populo,
424 4034 459 4083 rei
477 4036 533 4098 quod
549 4032 579 4082 llll
611 4038 641 4085 iio
651 4036 737 4101 objedia
747 4038 808 4085 sunt.
992 4074 999 4085 .

64 4100 355 4164 gnmmelidejucundurn.
643 4116 684 4161 42·
701 4101 768 4165 Jeris
784 4099 901 4171 incedi]
925 4106 1016 4173 Judieer
1033 4112 1056 4157 de
1073 4112 1140 4159 usin

91 4167 122 4213 lb.
145 4162 283 4240 Hesperiis]
316 4166 404 4227 Propter
428 4162 578 4221 simulacrum,
608 4166 720 4227 jurabant,
737 4168 759 4213 se
779 4165 1036 4237 nihileaatrajuffitim
1050 4173 1140 4225 estin

65 4234 112 4335 quod
122 4229 144 4277 iu
154 4230 197 4281 suet
213 4228 298 4281 edibus
308 4228 517 4287 curleium-nar,
527 4229 579 4291 hos-
611 4230 752 4282 aaronem
764 4232 817 4281 eise.

1046 4315 1155 4426 quern¹
1244 4368 1249 4385 ·
