2767 4800
265 230 499 317 ORATIO
530 248 571 313 nt
602 233 650 311 L}
681 224 959 315 PISONEnt
1084 258 1186 344 ›273
1260 352 1268 359 ι

30 386 223 455 concursum
233 408 271 454 ere
289 390 368 475 agris
382 385 647 471 patrum-familias
668 406 739 451 tum
755 386 933 475 conjugibus
954 408 992 453 ec
1007 386 1106 455 liberie
1116 390 1129 467 i
1139 412 1180 461 to

30 480 117 561 quid
138 496 186 541 ent
199 476 270 554 dies,
292 476 357 561 qui,
381 474 462 561 quast
476 474 598 537 deorum
614 472 828 539 immortalium
840 472 902 537 sesti
916 486 1006 558 atque
1021 476 1127 541 solem-

32 586 107 641 nes,
136 564 198 627 sunt
210 565 284 646 apud
298 580 403 625 omnes
420 561 547 624 adventu
562 580 630 625 meo
640 559 793 645 redituque
802 560 963 625 celebrati?
986 584 1066 626 unus
1080 564 1129 627 ille

31 650 101 711 dies
116 650 189 711 mibi
203 648 321 731 quidem
330 646 564 711 immortalitatis
575 644 664 709 instar
676 646 744 723 fuit,
765 666 827 727 quo
841 647 872 711 in
886 650 1011 729 patriam
1032 649 1128 728 redii3

31 734 114 799 ciem
126 734 268 799 'Senatum
282 732 427 818 widem
442 732 512 809 vidi,
535 732 737 815 populumque
755 731 927 800 Romanum
941 735 1128 813 universum

32 840 113 884 eum
132 821 201 883 milri
213 821 270 903 ipsa
280 819 381 883 Roma
395 817 486 903 prope
506 817 645 881 convulb
659 819 773 881 sedibus
789 821 846 883 suis
867 819 904 882 ad
924 821 1191 908 comple'rstend5⁴

31 906 111 969 dum
127 907 358 970 conservatorem
382 906 466 969 suum
486 905 620 989 progredi
636 904 695 968 visa
708 903 769 979 ell;
792 927 863 989 quae
884 927 933 968 me
947 908 987 971 ita
1002 923 1126 989 aceepit,

32 1008 66 1053 ut
81 1014 150 1055 non
164 992 252 1057 modd
262 992 402 1057 omnnium
416 1012 570 1075 generum,
593 1004 727 1067 autum,
748 992 887 1055 ordinum
902 1014 1007 1056 omnes
1022 994 1075 1055 viri
1086 1014 1126 1070 pc

29 1078 188 1155 mulieres,
202 1078 437 1155 omnie'sortunae
448 1099 483 1141 ac
492 1078 551 1139 loci
566 1106 576 1155 3
599 1078 744 1141 sedetiam
753 1078 869 1141 moenia
879 1078 1126 1160 ipsaviderentur,

32 1162 64 1225 dr
79 1163 161 1227 reeta
176 1165 268 1241 urbis,
290 1184 327 1229 ae
342 1164 450 1246 templa
464 1162 568 1227 laetari·
590 1162 647 1226 Me
661 1164 906 1245 consequentibus
927 1165 1029 1227 diebus
1043 1165 1075 1228 in
1088 1168 1125 1228 ci

30 1250 98 1331 ipsa
113 1250 214 1324 domo,
228 1251 289 1335 qui
303 1264 337 1313 tu
353 1271 401 1313 me
414 1250 577 1332 expuleras,
600 1272 691 1333 quam
703 1249 859 1332 expildrae,
878 1271 968 1333 quam
983 1250 1174 1317 incende-20

33 1356 96 1414 ras,
120 1335 286 1419 pontificae,
307 1336 453 1413 consules,
476 1350 570 1417 patres
586 1334 742 1416 conscripti
766 1334 1007 1399 collocaverunt:
1031 1338 1126 1401 milri·

33 1442 105 1502 que,
131 1422 210 1507 quod
227 1437 297 1487 ante
310 1442 360 1485 me
374 1422 497 1500 nemini,
511 1423 638 1503 pecunid
651 1422 772 1502 publici
787 1422 990 1485 edificandam
1001 1422 1126 1487 domum

35 1508 220 1572 censuemnt.
265 1506 367 1571 Habes
381 1508 506 1571 reditum
520 1528 642 1571 meum:
667 1508 770 1569 confer
784 1528 866 1570 nunc
878 1508 1001 1571 vicillim
1016 1526 1125 1577 tuum:

33 1595 290 1679 quandoquidem,
314 1592 415 1657 aneilso
435 1595 579 1669 exercitu,
602 1593 677 1657 nihil
691 1593 842 1656 incolume
855 1594 994 1671 domum,
1017 1611 1126 1675 praeter

33 1698 69 1741 os
84 1678 156 1742 illud
172 1679 330 1763 pristinum
348 1695 435 1743 tuum
449 1678 597 1745 retulisti?
622 1680 676 1761 qui
689 1676 832 1761 primum,
851 1683 913 1761 qua
926 1680 1040 1743 veneris
1054 1692 1174 1762 cum25

33 1764 171 1829 laureatis
183 1768 243 1829 terit
257 1766 424 1843 littorium,
446 1768 514 1847 quis
527 1764 602 1829 sciti
626 1786 704 1848 quoe
717 1780 749 1827 tu
765 1764 951 1845 Maeunroe,
971 1766 1044 1829 dum
1057 1790 1126 1830 om-

34 1872 86 1913 ncs
104 1852 274 1917 solinrdines
295 1852 484 1935 persequeris,
508 1872 578 1935 quae
600 1850 772 1914 diverticula
796 1851 990 1936 flexionesque
1014 1852 1126 1953 quaese-

34 1934 67 1997 sli
81 1938 94 2001 l
117 1939 196 2022 quod
212 1956 242 2003 te
255 1939 451 2021 municipium
464 1936 559 2001 vidit?
585 1938 652 2021 quis
666 1940 782 2001 amicus
800 1938 957 2001 invitavit?
982 1960 1051 2023 ques
1065 1941 1123 2003 ho·

35 2022 95 2102 spes
122 2023 276 2107 adspexit?
300 2044 417 2087 non-ne
439 2024 494 2087 tibi
516 2024 578 2087 rtox
599 2034 662 2087 erat
682 2022 820 2105 prodici
843 2045 905 2087 non
924 2023 1051 2089 solitudo
1071 2048 1126 2108 pro

36 2108 229 2195 frequentias?
253 2130 387 2193 caupona
406 2128 461 2191 pre
482 2108 615 2191 oppido?
640 2130 701 2171 non
724 2110 759 2177 ut
778 2109 872 2173 redire
888 2132 926 2172 ex
940 2109 1176 2195 Macedonium

34 2194 141 2259 nobilia
156 2198 331 2279 imperator,
353 2196 399 2258 sed
415 2212 448 2257 ut
462 2212 596 2259 mortuus
612 2196 729 2259 infamis
750 2196 848 2259 referri
862 2196 1031 2260 videretur?
1056 2196 1123 2262 Ro·-

36 2300 114 2345 mam
129 2285 203 2349 verb
218 2284 310 2364 ipsam
324 2282 449 2359 soedavit
462 2282 604 2345 adventus
626 2298 708 2345 tuus.
752 2280 785 2345 O
797 2282 933 2358 familiae,
947 2270 1125 2348 non‘dicarn

37 2364 242 2452 Calphurniae,
253 2370 298 2433 sed
311 2366 497 2446 Calventiae3
519 2390 614 2454 neque
623 2367 713 2455 hujus
725 2368 814 2444 urbis,
824 2368 868 2432 sed
877 2368 1041 2434 Placentini
1053 2392 1125 2434 mu-

35 2454 154 2538 nicipii;
181 2477 278 2540 neque
292 2455 402 2538 paterni
414 2457 542 2602 perieris,
554 2455 600 2518 sed
616 2455 762 2518 braccatae
773 2458 960 2540 cognationis
975 2453 1122 2519 dedecus!

36 2543 288 2624 quemadmodum
303 2539 405 2605 venisti
456 2544 524 2624 quit
540 2541 605 2618 tibi,
627 2562 688 2603 non
703 2542 800 2603 dicam
817 2543 935 2617 horum,
950 2559 1001 2603 aut
1011 2543 1123 2605 civium
1132 2555 1174 2628 35

35 2643 223 2704 caeterorum,
246 2627 292 2691 sed
308 2645 430 2690 tuorum
448 2627 612 2706 legatorum
635 2625 755 2692 obviam
770 2625 875 2689 venit?
899 2649 1020 2690 mecum
1042 2630 1127 2690 enim

36 2729 93 2776 tum
110 2713 150 2778 L.
162 2711 305 2790 Flaccus,
320 2715 365 2778 vir
374 2714 424 2776 tud
441 2713 824 2797 legationeindignillimus,
839 2727 930 2796 atque
941 2715 975 2776 iis
986 2711 1128 2792 consulis,

34 2801 140 2880 quibus
155 2821 280 2864 mecum
296 2801 327 2862 in
346 2797 498 2864 consulatu
520 2821 589 2862 meo
612 2797 792 2882 conjuntlus
808 2797 877 2875 snit,
898 2799 934 2862 ad
950 2801 1126 2863 conservan-

36 2885 97 2949 dam
112 2885 333 2968 rempublicam
348 2885 481 2967 dignior,
502 2905 622 2948 mecum
636 2886 692 2946 suit
706 2900 784 2960 tum,
799 2907 869 2947 cum
886 2899 914 2947 te
930 2885 1050 2964 quidam
1064 2903 1128 2950 non'

33 2969 146 3058 longed
161 2975 247 3054 porta
262 2991 332 3053 cum
346 2969 498 3034 littoribus
512 2985 658 3034 errantem
675 2971 768 3033 visum
779 2967 836 3034 else
850 2985 991 3036 narraret.
1016 2971 1087 3036 Seio
1097 2975 1175 3055 i-4o

66 3191 101 3237 14.
120 3177 226 3228 Seterrae
235 3171 355 3286 papam]
371 3169 470 3224 Obviam
481 3171 565 3220 trium·
597 3181 664 3218 turno
676 3183 753 3231 genere
764 3168 831 3215 traxit
840 3167 947 3229 originem
959 3165 1025 3221 Piso:
1043 3174 1128 3211 meter.

38 3241 152 3302 pbantibus
164 3243 266 3288 veniebat
294 3253 382 3286 enatus.
597 3253 639 3284 nun
648 3238 710 3282 enim
727 3235 775 3296 ejue
788 3249 840 3278 aeon
853 3234 980 3279 Caluentius
998 3231 1043 3278 suit
1053 3245 1128 3292 praeco

65 3323 103 3356 22.
116 3305 185 3373 Qud
196 3319 285 3352 aeterne
297 3307 371 3351 remini
382 3301 393 3367 ]
406 3303 487 3352 Diruta
498 3300 565 3348 Cice·
596 3301 749 3354 Placentinus,
765 3309 788 3344 ut
796 3299 850 3344 din't
861 3297 927 3343 infra.

37 3375 90 3418 renis
100 3379 195 3428 domur,
204 3371 318 3416 combusta
331 3385 355 3415 ac
364 3369 495 3426 consecrata,
506 3368 563 3429 pub·
629 3367 666 3412 lb.
679 3365 798 3410 Placentini
807 3359 938 3424 municipii}
951 3359 1064 3407 placenta
1074 3359 1128 3404 urbe

37 3435 213 3499 licirsornptibue
221 3435 329 3482 edificata
340 3436 379 3480 ess.
598 3431 622 3476 in
639 3429 716 3477 Gellii
735 3426 808 3488 rogati
825 3430 852 3474 ad
871 3427 967 3472 Padum.
997 3423 1128 3470 Placentini

64 3503 92 3549 ab
118 3501 240 3548 Laurentis
251 3511 292 3545 terr
302 3495 433 3562 Menidan]
443 3495 503 3543 Cdm
515 3493 565 3556 quie
597 3496 650 3542 culm
661 3494 721 3555 puris
738 3494 762 3538 in
773 3491 886 3538 coloniam
897 3487 984 3537 dedudli
996 3491 1074 3544 essent,
1087 3487 1127 3548 jue

39 3567 76 3612 sua
87 3563 200 3614 excedens
212 3563 327 3610 vitiorium
338 3567 451 3618 retulerat,
463 3559 565 3620 suffragio
597 3557 717 3618 municipii
728 3556 837 3603 consecuti
849 3556 907 3600 sunt.

40 3631 131 3678 militurn
143 3631 163 3676 ei
183 3628 252 3675 sister
263 3629 336 3674 laurea
347 3627 442 3674 involuti
453 3625 466 3671 ”a
478 3625 564 3674 litioni-
631 3639 669 3687 34.
689 3620 826 3685 Bracata]
845 3620 949 3666 Braecrta
960 3615 1018 3692 ditla
1029 3617 1059 3662 esi
1069 3616 1126 3662 Gal·

40 3694 73 3740 tu
82 3695 266 3758 praelerebentur.
596 3691 633 3746 lia,
648 3687 706 3749 quod
714 3687 795 3732 bracc'n
805 3694 918 3730 uterentur
930 3683 997 3728 Galle.
1117 3745 1125 3756 ⁶

66 3759 95 3806 lb.
109 3758 177 3824 Qud
186 3771 208 3804 te
222 3753 370 3820 Marenen]
388 3755 413 3802 ld
428 3755 468 3812 et,
484 3754 564 3806 flexus,
632 3769 672 3814 37.
688 3754 717 3798 L.
730 3747 840 3812 flascon]
860 3749 880 3794 le
896 3748 996 3807 inriguus
1013 3755 1126 3817 eretpque

40 3825 70 3882 qui
86 3823 200 3872 meandri
218 3819 230 3867 al
251 3821 319 3867 fluvio
334 3823 450 3868 Maeandro
469 3817 565 3865 flexuoso
596 3817 670 3864 Pisoni
684 3816 774 3875 ,l-gnue
792 3815 854 3870 olet,
869 3813 918 3874 quie
930 3829 959 3856 ν..
971 3813 1093 3857 errtsorne
1104 3817 1126 3856 α

39 3887 83 3936 deti
93 3891 154 3936 sunt·
597 3883 692 3940 sepiem:
711 3879 923 3940 &deprehendendis
934 3877 1080 3932 Arlobropum
1088 3877 1125 3921 le-·

67 3967 101 4016 33.
119 3947 286 4018 calphurnia-J
298 3949 440 4012 calphurnii,
458 3948 507 3996 litet
516 3950 563 4009 ple·
596 3951 659 4006 grtia,
677 3947 715 4002 qui
730 3944 894 4005 conjuratorum
909 3942 983 3987 literas
993 3939 1128 3998 deserebant,

38 4017 182 4078 beir,'aCalpo
195 4013 563 4071 Numael’ompililfiliooriginem
596 4010 701 4060 Ciceroni
712 4009 801 4054 Contuli
812 4007 888 4053 aufuir.
993 4068 997 4078 Ι
1049 4069 1054 4077 Ι
1091 4067 1096 4077 ¹

41 4085 179 4130 deducebant.
204 4077 275 4126 Exci
287 4075 372 4126 t'umllii
382 4081 448 4126 multi
456 4077 563 4124 Consulto
627 4091 667 4137 qo.
686 4069 823 4134 Errantem]
841 4069 959 4134 Qnrcbnt
971 4068 1024 4116 Piso
1035 4083 1079 4142 vjaa
1091 4083 1125 4139 rg-

40 4147 126 4194 exrssrere.
492 4137 496 4144 ¹
595 4153 661 4187 nutat
673 4143 694 4184 ἀ·
706 4140 841 4192 diverticula,
861 4149 886 4180 ut
905 4136 929 4181 itt
945 4137 1020 4181 urbem
1039 4137 1126 4179 nlenuo

68 4211 94 4258 lu.
108 4205 256 4272 calvaria]
271 4209 306 4254 nl
323 4206 358 4254 illi
371 4203 456 4255 samilii
476 4221 502 4252 tx
515 4221 562 4252 me·
596 4203 701 4332 ingrUesl'us
713 4204 826 4249 videretur.

1066 4273 1128 4318 tem
