2767 4800
201 269 280 388 Ιιιι
404 252 732 342 manenti
770 261 1141 342 crcnnonts

258 412 379 476 ledittio
392 429 491 475 autem
513 411 587 474 nibil
609 413 700 476 habet
714 410 866 492 proposui,
889 423 994 492 praeter
1013 409 1254 472 contumeliam:
1279 427 1345 488 quae

257 497 280 560 li
296 499 477 578 petulantius
499 499 639 582 jadlatur,
662 497 855 570 convicium,
877 497 899 558 si
914 496 1051 570 facetius,
1074 497 1229 559 urbanitas
1247 515 1344 554 nonu·

260 599 356 649 natur.
402 581 505 664 Quaen
527 583 646 663 quidem
670 597 783 664 partem
808 582 1002 644 accusationis
1028 582 1187 644 admiratus
1215 578 1345 651 [ιιιιιμὶΙ

213 667 383 754 45rnolesld
396 671 450 730 tuli
465 665 641 746 potissimum
656 665 712 730 esse
727 669 868 730 Atratino
876 668 994 740 datam3
1011 668 1196 747 nequeenim
1208 666 1346 735 decebat,

261 775 358 836 neque
368 771 439 816 aetas
455 753 504 817 illa
520 751 701 834 pullulabat:
726 773 822 832 neque
837 754 865 812 id
881 754 963 834 quod
977 754 1213 816 animadvertere
1228 763 1346 829 poteta-

260 840 311 915 tis,
334 843 430 918 pudor
444 841 609 919 patiebatur
623 839 730 919 optimi
745 835 951 913 adolescentis,
974 841 1004 899 in
1024 839 1075 900 tali
1101 839 1188 899 illum
1209 836 1346 896 oratioue

260 923 374 986 versari.
423 922 541 986 Vellem
570 923 677 1008 aliquia
704 944 744 984 ex
767 924 851 986 tobia
877 923 1089 987 robustioribus
1112 925 1195 984 bunc
1221 919 1345 980 maledi-

262 1010 350 1072 cendi
366 1011 467 1071 locum
488 1007 668 1090 suscepisset:
693 1008 849 1089 aliquanto
863 1007 997 1082 liberius,
1019 1009 1047 1070 dt
1063 1005 1183 1087 fortius,
1205 1004 1238 1066 δι
1255 1025 1346 1084 magu

215 1113 346 1179 gomore
364 1091 465 1162 noslro
478 1096 672 1158 refutaremus
689 1093 772 1156 istam
788 1093 984 1156 maledicendi
999 1093 1161 1154 licentiam.
1210 1089 1346 1157 Tecum,

262 1180 415 1255 Atratine,
437 1200 522 1264 agam
540 1180 645 1256 levius,
669 1179 751 1260 quod
766 1180 795 1242 δι
810 1180 905 1259 pudor
919 1195 990 1240 tuus
1004 1189 1016 1214 ⁰
1029 1179 1200 1240 moderatur
1215 1175 1346 1236 orationi

261 1285 337 1328 meae
351 1285 359 1325 ι
381 1264 411 1326 &
423 1287 522 1326 meum
534 1287 603 1348 erga
615 1283 663 1340 tep
679 1283 892 1345 parentemque
907 1283 993 1327 tutun
1008 1261 1187 1326 beneficium
1203 1263 1283 1323 tueri
1297 1261 1360 1341 tle·¹

261 1349 329 1412 beo.
374 1349 448 1412 lllud
466 1368 564 1412 tamen
580 1368 609 1412 te
630 1349 684 1412 esl'e
701 1352 890 1412 admonitum
907 1351 994 1412 volo:
1020 1347 1150 1430 primum
1175 1348 1280 1429 qualis
1306 1366 1344 1416 es,

264 1435 354 1498 talem
370 1451 400 1498 te
422 1433 477 1498 esse
496 1437 665 1500 existimes:
689 1452 721 1497 ut
742 1439 925 1516 quantumi
944 1455 1041 1496 rerum
1065 1435 1254 1515 turpitudine
1269 1433 1347 1500 abes,

217 1535 381 1608 55tantum
397 1536 426 1582 te
440 1519 457 1586 ti
469 1525 625 1584 verborum
638 1521 772 1588 libertate
783 1522 936 1604 sejungas:
960 1521 1067 1582 deinde
1084 1535 1117 1581 ut
1130 1539 1165 1580 ea
1177 1519 1209 1581 in
1221 1517 1345 1578 alterurn

263 1627 303 1670 ne
327 1607 419 1681 dicat,
443 1629 513 1688 quae
535 1627 606 1670 cum
621 1609 675 1668 tibi
691 1605 766 1668 salso
786 1605 920 1684 responsa
934 1604 1003 1680 suit,
1024 1605 1201 1677 erubescas,
1226 1599 1347 1684 quistis

262 1691 357 1768 enim,
370 1693 420 1752 eui
431 1694 476 1752 via
486 1690 537 1754 illa
548 1714 608 1754 non
621 1709 719 1772 pateat
730 1689 740 1750 1
757 1690 811 1773 qui
823 1691 866 1754 isli
878 1693 956 1756 aetati
970 1693 1078 1775 [atque
1088 1691 1178 1752 etiam
1190 1687 1345 1772 dignitati]

264 1777 438 1857 noniposstt,
452 1799 543 1858 quarn
556 1778 627 1840 velit
643 1777 825 1857 petulantur,
835 1775 924 1838 etiam
937 1775 958 1838 st
972 1776 1032 1838 stne
1045 1775 1105 1838 ulla
1119 1775 1299 1854 suspicione,
1319 1789 1345 1830 at

267 1884 329 1924 non
342 1859 402 1922 stne
417 1877 594 1945 argumento
611 1860 806 1930 malediceret
831 1858 888 1924 Sed
902 1861 914 1899 f
928 1862 1049 1925 illatum
1061 1861 1191 1941 partium
1202 1857 1295 1938 culpa
1308 1855 1346 1917 ess

218 1950 371 2017 boeotum
387 1949 437 2028 qui
458 1966 488 2010 te
502 1969 589 2032 agere
605 1948 781 2010 voluerunt:
805 1947 870 2010 laus
885 1948 1005 2028 pudoris
1019 1948 1076 2022 tui,
1087 1944 1215 2028 quddea
1227 1961 1258 2004 te
1271 1943 1344 2004 invi-

266 2051 332 2095 tum
358 2031 456 2094 dicere
478 2034 670 2096 videbamus:
695 2031 823 2116 ingenii,
843 2033 924 2114 quod
937 2031 1043 2096 ornate
1069 2029 1220 2113 politeque
1241 2026 1343 2091 dixisti.

267 2115 387 2186 Verum
411 2118 446 2178 ad
461 2117 572 2180 ‘islam
597 2139 720 2180 omnem
733 2117 899 2180 orationem
925 2118 1021 2180 brevis
1041 2115 1083 2182 est
1104 2115 1255 2186 desenst03
1280 2133 1344 2176 nam

266 2203 366 2290 quoad
381 2216 452 2265 aetas
468 2201 515 2264 M.
529 2200 623 2266 Coclii
638 2205 708 2265 dare
728 2205 826 2283 potuit
845 2201 1067 2282 isli'suspicioni
1082 2202 1196 2277 locum,
1219 2200 1279 2264 suit
1290 2201 1344 2280 pti·

268 2287 354 2351 mum
369 2287 458 2371 ipsius
471 2289 595 2369 pudore,
618 2287 725 2350 deinde
738 2288 828 2349 etiam
843 2289 933 2370 patris
947 2287 1114 2371 diligentia,
1136 2287 1344 2368 disciplinaque

220 2373 403 2459 osmunita:
427 2376 479 2459 qui
495 2389 529 2438 ut
550 2376 620 2439 huic
635 2373 751 2437 virilem
771 2390 872 2458 togam
892 2373 983 2451 dedit,
999 2373 1081 2435 nibil
1095 2373 1194 2435 dicam
1209 2375 1269 2434 hoe
1284 2373 1345 2434 loco

269 2461 306 2523 de
320 2482 367 2524 me
378 2482 394 2521 ι·
408 2475 527 2524 tantum
548 2458 594 2537 stt,
617 2476 765 2541 quantum
778 2481 830 2521 vos
841 2460 1031 2523 existimatis:
1055 2461 1113 2521 boe
1127 2459 1226 2521 dicam
1240 2455 1344 2520 bunca

269 2564 352 2629 patre
374 2549 522 2610 continuo
537 2548 573 2608 ad
593 2568 641 2608 me
656 2544 712 2625 elli:
731 2544 913 2607 dedudlum:
935 2564 1026 2609 nemo
1040 2546 1121 2607 bunc
1143 2542 1193 2605 Μ.
1215 2543 1342 2613 Coeliutn

272 2636 304 2693 itt
330 2630 383 2693 illo
401 2634 496 2695 aetatis
520 2632 592 2701 slore
612 2632 698 2707 vidit,
722 2624 775 2693 nist
790 2646 842 2701 aut
864 2652 936 2693 cum
959 2645 1053 2712 patre,
1074 2644 1127 2691 aut
1147 2651 1281 2705 mecum,
1302 2642 1344 2691 aut

270 2719 304 2780 in
320 2714 369 2779 M.
390 2712 483 2781 Craffi
497 2716 650 2781 castissime
664 2716 769 2794 domo,
791 2714 862 2779 clun
877 2716 989 2783 aru‘bus
1003 2714 1206 2779 honestissimis
1221 2715 1344 2778 erudite·

247 2816 333 2865 otur.

224 2818 243 2888 7
316 2872 555 2971 lll.Namquod
568 2882 709 2951 Catilinae
720 2885 902 2952 familiaritas
913 2878 1344 2974 objedlaCoelioesl,longeab

260 3021 440 3115 ¹⁰reprirnit
454 3042 588 3116 orationem
644 3033 745 3113 ‘ptius
756 3038 909 3115 defaecatis.
968 3034 1313 3115 ‘ssaaomaesobjeelimn

310 3337 352 3385 47.
370 3322 447 3372 irrasi
461 3323 548 3375 oratioue
566 3318 668 3384 uersari]
686 3322 747 3368 Nam
763 3321 802 3369 de·
835 3317 866 3367 ita
877 3328 953 3367 monet
963 3317 1040 3376 amici,
1059 3328 1085 3375 ut
1094 3318 1161 3367 etiam
1172 3318 1267 3367 mdeste
1276 3328 1345 3379 carpat.

277 3390 342 3442 behet
368 3389 497 3443 adolescens,
526 3388 594 3446 qualis
618 3387 649 3432 est
678 3386 802 3440 Atratinus,
870 3384 910 3446 65.
927 3384 1013 3450 Vetisem
1028 3382 1121 3447 egam-J
1139 3382 1211 3431 Pofiti
1220 3383 1345 3445 praetextis·

277 3454 355 3501 versari
375 3454 397 3499 in
415 3450 442 3500 ei
460 3452 563 3508 oratione,
580 3450 604 3497 in
625 3448 668 3512 qul
685 3450 757 3511 agitur
775 3451 803 3497 de
837 3448 906 3505 bulla,
933 3450 1017 3494 virilem
1037 3462 1109 3507 tegam
1128 3450 1242 3495 sumebant
1260 3444 1345 3493 Romul

275 3516 419 3579 impudicitias.
768 3555 773 3563 ,
825 3530 894 3561 -auno
908 3513 1075 3561 aetatisdecimo
1085 3512 1185 3574 septimo,
1201 3525 1229 3559 ut
1242 3529 1269 3559 et
1280 3515 1346 3558 Sueto·

311 3584 353 3641 48·
366 3582 404 3627 Ex
414 3580 473 3628 vobit
484 3576 645 3643 resistitisne]
664 3578 803 3629 Robustiores
836 3580 873 3625 nio
882 3576 936 3625 lieet
947 3578 1060 3639 conj‘cete.

279 3658 344 3693 vocat
359 3648 500 3701 accus-nutet,
527 3644 564 3704 qui
592 3640 661 3707 aliqui
688 3644 738 3689 sunt
756 3644 804 3704 jam
871 3644 911 3703 ⁶7.
929 3640 1152 3706 Ariminnum]
1185 3639 1301 3703 Affurnpti
1318 3642 1345 3687 n'-

280 3724 345 3757 aetate
356 3712 463 3771 provesin
479 3712 553 3771 quales
573 3707 623 3759 sunt
637 3709 766 3757 Herennius
781 3714 804 3755 de
838 3707 870 3754 rili
889 3706 949 3766 tegi,
972 3708 1044 3753 statim
1062 3707 1209 3757 adolescentes
1227 3710 1286 3756 bouis
1305 3723 1345 3753 mo·

278 3776 368 3827 Balbus.
656 3823 658 3831 ,
838 3775 898 3819 ribus
915 3772 1038 3826 imbuendi,
1062 3772 1130 3820 alicui
1146 3771 1202 3819 clato
1220 3774 1266 3819 vito
1289 3770 1345 3831 ipa·

317 3854 355 3901 52.
370 3840 496 3902 Beneficium
514 3834 588 3900 tuiti]
623 3837 730 3892 Hecale,
754 3836 806 3898 quia
837 3838 935 3884 rentibus
961 3836 1108 3883 tradebantur.
1152 3836 1189 3882 Sic
1220 3838 1294 3883 Cicero
1314 3838 1346 3881 de·

272 3903 398 3965 'aliquando
416 3902 541 3952 defenderat
552 3904 628 3950 Polam
645 3902 769 3948 accusatum
780 3902 806 3949 de
839 3898 934 3949 dustmn
944 3902 966 3948 se
980 3904 1006 3948 ad
1024 3900 1144 3947 staulam
1155 3900 1186 3949 ait
1196 3902 1235 3949 lib.
1255 3904 1281 3949 de
1290 3900 1345 3948 Ami·

282 3968 376 4014 ambitu.
852 3964 898 4012 ”“.

320 4044 358 4093 53.
375 4032 452 4099 Qualia
467 4050 497 4088 er,
512 4028 574 4079 talem
590 4042 610 4075 te
628 4028 664 4093 effi
683 4028 805 4109 william]
838 3978 896 4079 cmi.
914 4028 1178 4093 Catistaaefenisroritas.]
1213 4030 1289 4091 Putgat
1304 4028 1344 4074 Ce·

285 4096 367 4146 Mouet
378 4106 402 4143 ut
413 4096 468 4143 nihil
485 4092 523 4143 sus
540 4096 630 4150 virtute,
648 4093 727 4153 forma,
743 4105 808 4142 aetate
840 4095 905 4151 lium,
928 4110 1024 4155 eumque
1045 4095 1151 4143 Catilina:
1168 4095 1293 4143 familiarem
1309 4108 1345 4141 aaa

282 4158 401 4233 indiguum
415 4158 491 4232 saciat,
507 4172 546 4209 eut
563 4161 680 4223 loquatut5
697 4174 809 4225 quemque
840 4159 1016 4211 suiffeostendlt.
1218 4158 1225 4163 ⁴

1307 4314 1346 4379 illi
