2767 4800
401 203 465 328 os
512 249 881 340 nnrrcrrtn.¹
985 285 990 304 ·
1128 250 1206 355 553*

65 405 136 472 dem
157 412 322 476 moveatur,
343 397 412 484 eligi
427 421 479 482 par
497 399 563 462 est:
588 421 656 482 quae
670 401 771 464 omnia
797 401 942 482 pertinent
962 399 997 464 ad
1024 400 1150 488 fidelita-

66 507 127 554 tem
148 518 159 568 ς
184 508 280 570 neque
303 487 383 550 enim
404 483 495 547 fidum
512 484 603 566 potest
622 484 677 547 else
702 485 856 568 multiplex
871 487 1065 569 ingenium&
1087 507 1151 554 tirr-

65 575 204 638 tuosum:
229 593 325 655 neque
341 572 422 647 vero,
443 571 569 653 quinon
592 570 691 634 iisdem
709 573 796 633 rebus
820 591 966 648 movetur,
988 571 1159 660 naturaque

66 662 225 736 consentit,
247 675 298 720 aut
317 656 393 720 sidus
420 673 471 718 aut
492 655 602 718 stabilis
620 653 714 736 potest
740 654 803 718 else.
848 657 1026 722 Addendum
1046 665 1149 726 eodem
1159 699 1201 751 10

65 747 121 821 est,
144 760 178 809 nt
194 767 232 808 tte
244 743 418 806 criminibus
427 756 477 804 aut
492 742 647 804 inserendis
661 741 830 818 delectetur,
852 759 902 804 aut
917 744 1014 806 credat
1025 749 1151 814 oblatis:

64 853 135 914 qnae
151 831 251 894 omnia
266 830 409 908 pertinent
427 829 462 888 ad
484 849 563 904 eam,
586 847 675 908 quam
691 827 867 911 jamdudum
884 829 988 907 nasto,
1011 834 1151 909 constan,-

63 920 150 980 tiam.
194 914 243 978 lta
258 915 293 977 lit
309 913 508 988 verum¹illud,
524 915 603 996 quod
615 913 701 974 initio
714 913 787 988 dixi,
803 913 991 993 Amicitiam,
1014 919 1065 982 nist
1077 922 1152 985 inter

67 1004 179 1076 bonos,
200 999 255 1062 esse
273 998 443 1080 non'posle.
487 997 540 1060 En
553 999 632 1060 enirn
647 999 719 1061 boni
740 999 806 1073 viri,
829 1019 918 1080 quem
933 1001 1059 1065 eundem
1075 1007 1151 1090 sapi-

63 1105 169 1151 entem
181 1086 253 1149 licet
265 1086 374 1162 dicere,
388 1085 454 1146 baec
469 1083 529 1145 duo
542 1100 640 1146 tenere
651 1084 682 1144 in
698 1083 829 1146 amicitia
844 1105 851 1144 :
867 1085 1010 1166 primum,
1025 1111 1062 1152 ne
1076 1085 1149 1174 quid
1157 1131 1171 1176 1

64 1173 173 1236 fletum
187 1169 233 1246 stt,
249 1192 323 1233 neve
333 1169 499 1232 simulatum
516 1189 524 1230 ε
548 1166 646 1250 aperte
660 1169 741 1232 enim
757 1169 802 1232 vel
816 1169 1010 1254 odill'emagis
1027 1175 1149 1260 ingenui

63 1258 122 1334 est,
145 1279 236 1340 quam
260 1256 357 1318 srnnte
379 1254 530 1320 occultare
553 1255 743 1316 sententiam:
774 1253 888 1330 deinde,
910 1279 969 1320 non
995 1260 1088 1324 solum
1111 1263 1150 1326 ab

61 1345 169 1425 aliquo
182 1341 282 1404 allatas
297 1339 521 1403 criminationes
542 1339 689 1420 repellere,
712 1339 756 1402 sed
779 1361 816 1401 ne
838 1341 931 1421 ipsum
954 1345 1072 1426 quidem
1094 1347 1151 1410 esse

62 1429 266 1509 suspiciosum,
287 1426 397 1506 semper
408 1425 517 1507 aliquid
530 1424 747 1488 existimantem
762 1424 799 1486 ab
814 1427 912 1488 amico
925 1428 979 1490 elle
995 1433 1148 1496 violattun.

66 1514 206 1575 Accedat
230 1514 289 1574 huc
306 1510 428 1594 suavitas
447 1510 580 1593 qnaedam
605 1524 721 1590 oportet
735 1509 899 1574 sermonum
916 1531 1004 1596 atque
1018 1538 1197 1604 morum„

65 1600 296 1681 haudquaquam
311 1598 459 1658 mediocre
473 1595 697 1658 condimentum
711 1595 862 1658 amicitiae.
900 1597 1035 1663 Tristitia
1049 1615 1149 1668 autem

62 1684 93 1744 dt
106 1686 139 1746 in
153 1683 235 1746 omni
250 1703 281 1744 ne
291 1682 436 1758 severitas,
451 1682 539 1743 habet
552 1680 601 1744 illa
614 1681 732 1763 quidem
747 1683 917 1770 gravitatem
932 1711 941 1758 ;
958 1687 1002 1748 sed
1019 1691 1149 1754 amicitia

63 1771 207 1833 remissior
217 1765 272 1829 esse
285 1767 382 1842 debet,
404 1767 434 1828 dt
448 1767 577 1841 liberior,
598 1766 768 1844 uuoltin,
790 1767 819 1829 dt
835 1771 869 1830 ad
883 1789 1002 1843 omnem
1019 1778 1148 1838 comita.
1214 1829 1219 1836 .

63 1871 127 1916 tem
143 1853 376 1934 facilitatemque
390 1851 555 1932 proclivior.

107 1937 202 2002 XlX.
225 1936 332 2000 Existit
352 1953 451 1999 antem
477 1938 535 1998 boc
556 1936 625 1997 loco
645 1935 781 2018 quaedam
802 1936 927 2022 quaestio
946 1941 1144 2010 subdifficilis:

62 2045 141 2087 num
155 2023 274 2105 quando
296 2022 385 2084 amici
410 2022 491 2098 novi,
513 2021 595 2104 digni
617 2023 759 2098 amicitiai,
783 2027 926 2088 veteribus
947 2025 1002 2090 lint
1021 2048 1146 2113 antepo.

61 2109 166 2183 nendi,
190 2126 223 2170 ut
235 2109 321 2188 equis
335 2107 438 2170 vetulis
454 2123 568 2168 teneros
581 2122 756 2186 anteponere
771 2109 905 2173 solemus.
950 2112 1074 2199 Indigna
1088 2121 1145 2179 bo-

61 2195 146 2258 mine
161 2192 329 2268 dubitati03
352 2194 506 2255 nonenim
521 2190 576 2254 elle
590 2191 699 2254 debent
708 2196 917 2272 amicitiarum,
933 2195 1009 2262 ficut
1021 2202 1144 2266 aliamne

63 2301 174 2353 rerum,
197 2278 347 2340 satietates.
392 2276 558 2340 ‚Veterrima
579 2299 707 2359 quaeque
734 2289 785 2364 (ut
808 2303 843 2344 ea
861 2285 940 2360 vina,
962 2305 1031 2368 quae
1048 2289 1143 2352 vetus.

61 2380 157 2429 tatem
176 2360 290 2443 serunt)
317 2360 372 2425 esse
385 2361 493 2424 debent
517 2362 696 2426 suaviffima:
720 2386 882 2449 verumque
897 2369 966 2433 illud
988 2371 1041 2447 est,
1063 2375 1144 2457 quod

23 2497 25 2501 -
62 2450 186 2525 dicitur,
202 2448 310 2510 multos
324 2448 439 2510 modios
454 2445 610 2509 salissrmul
625 2448 750 2512 edendos
761 2450 827 2527 elle,
844 2455 1027 2518 utamicitiae
1035 2480 1146 2523 munus

61 2536 214 2616 expletum
226 2530 261 2595 stt
271 2560 280 2609 ς
292 2534 436 2596 novitates
445 2550 554 2609 antem,
570 2530 590 2593 sr
606 2532 684 2614 spem
692 2532 831 2611 afferunt,
841 2554 874 2600 ut
884 2541 1023 2623 tanquam
1036 2544 1066 2603 in
1077 2545 1145 2605 bet·

31 2650 34 2653 ⁴
63 2622 176 2683 bisnon
192 2619 344 2681 fallacibus
359 2618 470 2682 srudtus
485 2634 628 2699 appareat,
644 2640 702 2680 non
712 2618 777 2683 sunt
791 2621 848 2683 illae
856 2624 975 2705 quidem
988 2629 1143 2709 repudian-

61 2707 111 2768 ‹lae
126 2732 135 2778 ς
159 2705 284 2765 vetustas
298 2718 396 2767 tamen
414 2702 483 2766 loco
502 2704 553 2766 suo
568 2706 783 2781 conservanda
804 2712 935 2771 maxima
950 2709 991 2773 eil
1005 2714 1084 2776 enim
1100 2717 1192 2796 vism

60 2788 215 2853 vetustatis
228 2791 258 2854 de
273 2788 499 2851 consuetudinis.
528 2788 613 2869 Quin
628 2790 686 2871 ipso
700 2812 788 2872 equo,
812 2796 897 2878 cujus
910 2797 999 2859 modo
1014 2801 1142 2862 mentio·

61 2898 135 2939 nent
151 2875 220 2951 secl,
240 2872 356 2936 srnulla
369 2896 416 2937 res
431 2875 579 2956 impediat,
602 2897 689 2937 nemo
702 2876 753 2949 est,
776 2878 827 2957 qui
849 2900 908 2941 nnn
924 2901 971 2959 eo,
993 2905 1055 2965 quo
1068 2906 1143 2949 con·

60 2962 167 3034 suevit,
183 2960 320 3023 libentins
335 2975 540 3041 utatur,quarn
554 2961 709 3023 intractato
720 2960 749 3022 dt
761 2984 848 3025 novo.
874 2962 942 3031 Nec
954 2972 1022 3030 tero
1032 2970 1060 3032 in
1071 2972 1142 3050 hoc,

60 3046 145 3129 quod
155 3044 197 3109 esl
211 3044 329 3118 animal,
350 3046 433 3105 sedin
449 3046 483 3106 iis
493 3047 594 3123 etiam,
616 3068 684 3129 quae
698 3047 763 3109 sunt
773 3048 942 3129 inanimata,
965 3054 1144 3121 consuetudo

60 3133 157 3195 valet:
170 3128 243 3191 crim
254 3130 327 3191 locis
341 3128 593 3211 ipstsdeleetemur
603 3129 763 3195 montuosis
773 3134 899 3199 etiam&
913 3138 1103 3286 {pluestribua
1113 3149 1140 3206 in
1150 3175 1187 3242 ¹5

60 3217 173 3299 quibus
187 3215 296 3277 diutiris
311 3216 486 3277 commorati
497 3215 604 3279 sumus.
645 3215 701 3277 Sed
717 3220 880 3282 maximum
896 3244 912 3283 e
953 3226 982 3285 in
997 3226 1141 3305 amicitia,

61 3301 240 3383 superiorem
256 3322 354 3381 parem
373 3300 428 3362 esse
447 3301 594 3363 inferiori:
619 3303 691 3383 saepe
706 3304 785 3364 enim
806 3306 988 3371 excellentia·
1004 3314 1141 3392 qnaedam

58 3388 142 3463 sunt,
152 3386 313 3467 qualiserat
322 3388 466 3467 Scipionis
477 3384 626 3463 innostro,
642 3406 675 3448 ut
689 3389 843 3465 itadicam,
852 3413 951 3476 grege.
975 3394 1141 3478 Nunquam

59 3474 90 3536 se
105 3472 156 3534 ille
170 3470 268 3547 Philo,
291 3475 442 3553 nunquam
469 3472 602 3551 Rupilio,
624 3472 777 3555 nunquitm
794 3474 949 3541 Mummio
963 3483 1141 3561 anteposuit,

60 3576 219 3638 nunquam
235 3556 378 3618 inferioris
398 3556 506 3618 ordinis
520 3560 633 3620 amieis.
678 3559 725 3639 Q
740 3580 807 3620 vero
825 3558 996 3627 Maximum
1012 3566 1189 3650 statremm

59 3642 216 3726 egregium
228 3643 336 3718 virum,
351 3644 475 3704 omnino
488 3640 539 3703 srbi
554 3662 739 3728 nequaquam
756 3664 866 3723 parem,
887 3650 965 3731 qnod
975 3652 1000 3712 is
1012 3655 1142 3727 anteibat

60 3742 164 3801 aetate,
180 3726 320 3808 tanquam
332 3727 503 3807 superiorem
517 3728 649 3806 colebat3
666 3731 785 3812 suosque
798 3752 900 3795 omnes
912 3735 997 3817 perse
1007 3736 1062 3800 ess:
1073 3760 1141 3803 am-

62 3812 173 3897 pliores
185 3814 309 3874 volebat.
332 3812 423 3896 Q0d
438 3811 602 3874 faciendum
615 3815 896 3898 imitandumqueesl
905 3822 1060 3886 omnibus:
1077 3824 1143 3890 utfi

60 3918 156 3982 quam
168 3898 363 3978 praestantiam
373 3900 501 3971 virtum,
509 3899 630 3981 ingenii,
647 3901 773 3965 fortunae
786 3904 934 3971 consecuti
946 3906 1142 3991 sunt,imper'.

62 3988 142 4047 tiant
155 4005 219 4045 eam
236 3984 302 4059 suis,
324 3984 606 4064 communicentque
620 4004 689 4047 cum
706 3989 867 4067 proximis:
891 4010 923 4053 ut
938 3990 959 4052 st
975 3998 1165 4076 parentibus2

61 4068 127 4133 nati
140 4065 196 4131 lint
209 4066 379 4143 humilibus,
394 4065 415 4129 st
428 4069 608 4150 propinquos
621 4070 746 4133 babeant
760 4073 961 4139 imbecilliores
972 4079 1014 4139 'vel
1029 4082 1140 4162 animo,

17 4168 22 4175 '
64 4153 114 4216 vel
127 4155 258 4229 sortund,
272 4175 375 4215 eorum
389 4171 516 4236 augeant
525 4174 607 4234 opes,
622 4156 718 4241 eisque
727 4158 830 4221 ltonoti
841 4159 896 4223 sant
911 4164 1094 4247 dedignanti:
1109 4186 1141 4247 nt

63 4240 98 4303 in
119 4240 234 4317 sabulis,
255 4240 309 4320 qui
322 4238 487 4321 aliquandiu
502 4256 617 4322 propter
640 4243 853 4332 ignorationem
870 4247 962 4331 stirpis
982 4251 1012 4315 dt
1027 4256 1143 4334 generis

361 4343 382 4410 3
1112 4340 1150 4446 ts„
